2866 4996
714 250 754 305 24

658 330 811 342 ———

147 439 230 498 docio
249 436 557 513 Mucrcmbolitissc¹)‚
588 454 662 510 quae
692 439 722 496 in
744 437 849 496 ceteris
870 437 1030 509 Diogenem
1050 438 1201 496 Leontium
1230 443 1327 495 truns-

147 540 277 614 scripsit,
313 538 395 597 addit
429 537 550 598 haecce:
599 536 742 609 ἐτελεύτησε
779 539 806 594 δι’
838 535 968 612 Ἀθήνῃσι
1008 537 1329 612 ἑβδομηκοντούτης

148 640 344 719 γενόμενος.
403 640 514 714 Quibus
541 641 637 700 verbis
670 648 720 700 out
753 641 825 701 fides
854 641 1024 715 denegando
1050 648 1109 714 est,
1146 648 1198 701 unt
1230 675 1267 686 -
1297 641 1328 700 id

150 747 228 823 quod
249 762 352 805 vereor
380 750 413 803 ut
439 760 492 817 per
518 760 600 802 usum
626 744 764 817 loquendi
790 743 878 802 licent
906 777 943 788 -
976 750 1009 803 ut
1029 761 1136 803 annum
1158 744 1287 803 natalem
1308 761 1327 803 ο

150 850 233 910 nobis
260 847 445 907 constitut-um
474 845 561 923 (444)
590 864 652 905 cum
682 845 830 905 Plutarchi
857 851 887 904 et
912 845 1035 905 Diodori
1062 848 1235 906 testimoniis
1258 864 1326 908 con·

150 954 290 1023 ciliemus,
319 948 460 1008 vocabulo
487 946 725 1020 ἑβδομηκοηούιης
752 949 921 1022 ampliorem
949 948 1007 1008 vim
1033 950 1163 1010 tribuere
1186 951 1326 1024 cogimur,

150 1057 192 1115 itu
218 1061 251 1113 ut
276 1051 417 1126 significet
439 1068 518 1123 eum,
553 1052 602 1124 qui
629 1058 753 1110 nectem
775 1053 852 1110 inter
878 1052 1120 1125 septuagesimum
1154 1058 1185 1112 et
1212 1058 1328 1127 octoge-

151 1160 253 1217 simum
280 1172 386 1214 annum
408 1159 485 1227 agat.
538 1154 612 1212 Nom
639 1153 664 1211 ci
692 1154 754 1226 ipso
782 1154 992 1228 segtucgesimo
1020 1172 1095 1214 anno
1123 1155 1329 1216 Antisthenen

151 1266 297 1319 mortuum
316 1274 379 1316 csse
400 1262 608 1329 statueremus,
631 1263 683 1315 cut
703 1257 740 1315 ab
762 1271 837 1315 anno
859 1257 949 1314 natali
970 1255 1057 1334 (444)
1079 1257 1330 1332 proficiscentibus

152 1363 236 1424 nobis
258 1377 334 1419 mors
356 1360 418 1431 ejus
440 1359 477 1417 cd
499 1358 543 1417 Ol.
569 1362 644 1431 101,
668 1360 685 1417 3
709 1358 797 1436 (374)
819 1355 973 1417 referenda
999 1365 1088 1431 esset,
1117 1360 1148 1419 id
1170 1361 1249 1433 quod
1271 1377 1330 1420 non

152 1465 286 1527 convenit
312 1481 376 1522 cum
402 1461 550 1520 Plutarchi
578 1467 608 1519 et
635 1461 757 1520 Diodori
786 1460 872 1532 locis,
902 1465 953 1519 aut
978 1461 1015 1520 ab
1044 1478 1134 1535 anno,
1169 1479 1255 1535 quem
1283 1464 1332 1523 hic

150 1566 295 1643 significat
316 1562 412 1642 (366),
435 1569 515 1623 retro
537 1564 769 1636 computantibus
791 1579 884 1621 onnus
905 1563 1010 1622 natalis
1031 1564 1062 1622 in
1077 1565 1122 1624 01.
1139 1565 1189 1637 86,
1209 1569 1223 1622 1
1240 1565 1329 1643 (436)

153 1667 336 1731 collocandus
359 1671 449 1739 esset,
472 1665 503 1724 id
526 1665 603 1739 quod
625 1683 689 1725 cum
710 1665 759 1738 iis,
784 1681 858 1738 quae
880 1681 969 1738 supra
983 1665 1018 1725 de
1041 1683 1117 1725 anno
1139 1667 1228 1726 natali
1244 1665 1330 1725 Anti·

154 1772 263 1832 sthenis
285 1770 482 1842 exposuimus,
505 1769 639 1842 conjungi
660 1768 770 1840 nequit.
793 1801 835 1812 -

240 1872 379 1934 Omnibus
406 1871 496 1944 igitur
521 1870 597 1929 inter
619 1887 650 1929 se
678 1870 851 1943 comparatis
873 1886 892 1927 o
912 1886 981 1929 vero
1003 1887 1062 1929 non
1084 1871 1205 1929 multum
1228 1869 1331 1929 abesse

155 1977 239 2037 nobis
261 1974 391 2034 videmur
413 1989 478 2032 cum
499 1967 709 2048 chappuis101)
732 1976 906 2059 statuentes,
930 1971 1132 2032 Antisthenem
1154 1973 1270 2032 circiter
1292 1972 1330 2030 ab

156 2080 200 2140 01.
225 2081 274 2149 84,
299 2082 313 2135 1
338 2075 425 2152 (444)
453 2093 544 2148 usque
571 2074 608 2133 cd
631 2074 675 2133 01.
702 2076 770 2146 103,
794 2078 812 2131 4
835 2073 923 2151 (365)
945 2075 1067 2146 vixisse,
1095 2075 1137 2133 its
1163 2080 1196 2133 ut
1216 2079 1330 2133 tontum

156 2200 214 2242 non
234 2180 272 2239 sd
294 2179 499 2252 octogesimum
520 2176 624 2236 aetatis
645 2193 752 2235 annum
774 2175 949 2250 perveniret.

156 2333 361 2344 -—-——-

228 2426 517 2500 orontianum.
536 2427 630 2481 Graec.
648 2426 688 2480 ed.
708 2425 846 2480 Villoison.
865 2432 927 2481 tom.
945 2426 966 2480 Ι.
984 2444 1011 2496 p.
1029 2429 1070 2480 56.

227 2518 253 2585 2)
271 2515 287 2569 1.
307 2515 324 2569 1.
343 2532 370 2584 p.
390 2517 447 2568 178.
