2866 4996
636 287 789 380 ..2-9-

126 471 292 544 credamus,
321 477 417 530 tamen
445 472 662 545 auctoritatem,
697 489 754 546 qua
786 470 841 532 fuit
868 472 1056 534 Antisthenes
1082 474 1133 532 illo
1159 479 1298 545 tempore,
1381 539 1384 543 ‚

126 574 275 634 declarare
297 574 420 634 videtur.
454 575 535 634 Idem
552 575 741 649 iudicandum
763 581 808 634 cst
829 575 865 634 de
886 576 1042 649 Diogeneis
1063 576 1175 635 Laertii
1196 572 1300 650 loco¹),

126 677 177 735 ubi
203 676 362 736 Aeschines
389 677 552 736 Socraticus
579 676 761 737 Antisthenis
789 678 880 737 libros
907 678 1046 752 quosdam
1072 679 1103 735 iu
1129 695 1190 736 rem
1219 693 1300 735 suam

127 780 303 838 convertisse
324 785 470 838 narratur.
497 812 540 822 —
571 780 672 840 Cicero
680 777 706 855 ²)
735 780 917 840 Antisthenis
942 781 1033 840 libros
1059 780 1214 852 lectitavit,
1246 779 1301 838 etsi

127 897 247 940 muman
269 883 360 955 magis
380 883 411 940 in
433 898 468 940 eo
489 881 590 941 laudat
610 900 696 955 quam
717 883 923 942 eruditionem:
957 885 1074 958 ,Κῦρος
1095 879 1139 938 δέ
1167 883 1238 940 mihi
1260 881 1302 939 sic

128 985 238 1058 placuit
258 991 291 1044 ut
312 990 410 1044 cetera
423 985 618 1058 Antisthenis,
641 984 765 1044 bominis
787 986 864 1044 acuti
885 987 976 1058 magis
998 1001 1083 1059 quam
1105 983 1242 1044 eruditi.“
1262 1016 1299 1026 -

128 1087 274 1146 Lucienus
284 1085 310 1161 8)
332 1087 439 1161 scripta
461 1086 523 1159 eius
544 1085 656 1146 confert
678 1104 741 1146 cum
764 1088 908 1146 Platonis:
932 1083 979 1151 ,τὰ
1003 1092 1113 1145 τοιαῦτα
1127 1088 1217 1160 βιβλία
1237 1085 1302 1156 ἔχων

128 1192 154 1245 τί
173 1189 288 1263 μάλιστα
311 1185 528 1264 ἆναγιγνάυκιιςι
552 1183 587 1244 τά
609 1188 765 1254 Πλάτωνος,Ι
793 1184 827 1246 τά
845 1187 1071 1256 metanoeae-‘⁶
1101 1224 1143 1234 -
1170 1190 1302 1262 Denique

129 1292 317 1368 Panaetius⁴)
340 1293 416 1352 iuter
437 1307 536 1350 omnes
551 1291 762 1352 Socraticorum
783 1293 913 1366 dialogos
935 1309 1086 1368 germanos
1108 1308 1171 1352 esse
1193 1292 1304 1352 censuit

130 1411 180 1454 eos
201 1394 303 1466 modo,
327 1395 376 1467 qui
398 1398 494 1454 essent
515 1393 657 1473 Platonis,
679 1395 895 1468 Xenophontis,
918 1396 1114 1468 Antisthenis,
1136 1393 1302 1464 Aeschinis;

129 1497 159 1556 id
182 1495 259 1569 quod
280 1497 386 1570 probat
406 1495 608 1556 Antisthenem
630 1497 660 1554 in
682 1498 827 1572 principes
848 1504 942 1558 sectae
964 1499 1126 1558 Socraticae
1148 1498 1304 1570 scriptores

128 1598 253 1657 relatum
280 1615 352 1658 esse.
383 1632 423 1644 -
458 1600 512 1658 His
537 1604 667 1658 veterum
698 1599 769 1658 locis
796 1601 866 1659 satis
894 1602 1024 1661 docuisse
1052 1602 1135 1660 nobis
1162 1600 1302 1671 videmur,

131 1706 240 1775 quanta
260 1700 350 1760 fuerit
369 1702 510 1760 librorum
531 1699 788 1761 Antistheneorum
810 1703 976 1763 auctoritas

215 1804 370 1863 Probabile
396 1808 442 1863 est
468 1810 565 1863 autem
586 1803 788 1864 Antisthenen
815 1805 845 1863 iu
872 1806 1004 1879 plurimis
1031 1821 1131 1865 eorum
1156 1820 1236 1863 more
1257 1819 1304 1863 re-

130 1906 275 1979 liquorum
297 1906 510 1967 Socraticorum
524 1904 630 1981 dialogi
652 1925 758 1981 genere
780 1924 863 1966 usum
885 1924 948 1967 esse
963 1914 992 1967 et
1006 1908 1114 1981 primas
1135 1908 1304 1980 plerumque

131 2009 335 2082 disputationis
361 2014 460 2082 partes
488 2008 602 2068 dedisse
630 2009 752 2069 Socrati.
803 2010 979 2069 Testimonio
1008 2015 1075 2069 sunt
1095 2010 1181 2082 Diog.
1204 2007 1304 2066 Laert.

131 2112 168 2183 Π,
193 2113 242 2183 64,
266 2128 351 2185 quem
372 2111 467 2171 locum
488 2112 572 2173 modo
594 2112 726 2182 laudavi;
753 2113 805 2186 III,
830 2115 885 2172 35:
918 2111 1018 2188 ἔγραψε
1044 2109 1208 2187 διάλογον
1235 2103 1304 2168 κατά

134 2212 275 2278 Πλάτωνος
283 2211 317 2288 ⁸).
345 2213 394 2288 Vl,
416 2219 449 2274 l:
472 2211 540 2272 ὅθεν
561 2210 592 2273 τά
613 2209 752 2294 ρητορικάν
773 2210 840 2281 εἶδος
861 2220 887 2273 ἐν
908 2219 962 2280 τοῖς
984 2215 1162 2292 διαλόγοις
1183 2218 1304 2288 ἐπιφέρει.

132 2316 306 2374 Etiamnunc
327 2318 466 2378 nonnulla
487 2316 649 2393 fragmenta
670 2335 706 2378 ex
729 2319 851 2393 dialogis
874 2324 987 2393 sumpta
1008 2336 1071 2379 esse
1093 2315 1262 2394 apparet‘).

134 2485 182 2535 καὶ
209 2481 320 2550 ψευδεῖς
347 2477 383 2541 dv
410 2502 448 2543 τις
475 2481 567 2556 εὕροι,
599 2483 758 2556 ἀλλοτρίους
789 2485 821 2538 δὲ
848 2482 911 2545 τοὺς
941 2482 1061 2544 πολλοὺς
1088 2479 1169 2544 ὄντας
1195 2483 1226 2538 lx
1252 2485 1308 2538 τῶν

130 2567 308 2641 Ἀριστίππου
326 2567 491 2640 διατριβῶν,
510 2571 599 2630 ένίους
617 2570 649 2625 δὲ
668 2569 721 2623 κάκ
738 2573 794 2626 τῶν
808 2569 995 2630 Ἀντισθένους
1012 2589 1035 2623 κ.
1055 2590 1076 2623 τ.
1095 2573 1119 2622 λ.

201 2652 226 2721 1)
243 2653 283 2722 Π,
308 2656 349 2708 61.
367 2652 436 2708 ἀλλὰ
459 2657 505 2708 καὶ
534 2659 590 2712 τῶν
608 2655 796 2716 Ἀντισθένους
819 2651 868 2711 τόν
895 2675 922 2710 τε
948 2653 1052 2728 μικρὸν
1072 2658 1168 2728 Κῦρον
1191 2656 1237 2706 κα)
1259 2652 1308 2710 τὸν

130 2736 268 2812 Ἡρακλέα
285 2736 333 2794 τὸν
350 2735 457 2793 ἐλάσσω
482 2744 528 2794 καὶ
548 2737 720 2810 Ἀλκιβιάδην
744 2739 868 2802 καὶτοὺς
886 2744 942 2797 τῶν
959 2736 1051 2797 illos
1068 2741 1100 2795 δὲ
1118 2735 1299 2813 ἐσκευώρηται

134 2853 167 2865 -
184 2825 258 2879 Haec
276 2824 347 2878 enim
364 2825 397 2880 de
408 2825 542 2882 Aeschine
561 2827 632 2882 dicta
650 2842 709 2882 esse
728 2842 832 2896 censeo,
850 2844 902 2882 non
920 2827 953 2881 de
971 2826 1135 2897 Pasiphonte
1151 2825 1308 2894 Eremieusi,

134 2926 212 2978 quem
229 2910 361 2966 Persaeus
379 2910 507 2981 plurimos
530 2913 600 2967 inter
617 2919 719 2982 septem
742 2914 883 2968 Aeschinis
901 2912 1021 2981 dialogos
1044 2912 1219 2982 supposuisse
1236 2909 1307 2965 affir-

133 3004 251 3052 maverat
277 2997 363 3065 (Diog.
381 2996 413 3051 1..
431 2997 512 3066 ibid).
557 2998 738 3068 Chappuisius
756 3000 792 3068 (p.
810 3002 844 3053 27
862 3000 912 3068 sq.)
940 3004 1029 3054 autem
1053 3015 1086 3053 ea
1109 2998 1143 3053 ad
1160 2996 1308 3065 Pasiphon·

133 3090 187 3136 tem
203 3083 286 3137 relert
303 3083 393 3152 itaque
411 3083 541 3152 explicat,
568 3091 598 3139 ut
620 3101 682 3139 eum
703 3086 774 3139 inter
796 3084 965 3139 Antisthenis
983 3100 1089 3154 quoque
1110 3083 1193 3138 libros
1212 3081 1308 3152 Cyrum

133 3184 256 3237 parsum,
282 3167 426 3224 Herculem
443 3169 584 3238 minorem,
613 3170 780 3225 Alcibiadem
802 3169 953 3224 subdidisse
979 3170 1049 3225 velit.
1094 3170 1142 3224 Cui
1159 3168 1307 3223 sententiae

133 3270 194 3307 cum
211 3253 280 3323 aha,
298 3260 355 3309 tum
371 3253 494 3309 vocabuli
511 3263 711 3327 σκευωρεῖσθαι
729 3255 887 3324 significatio
905 3257 1007 3326 obstat,
1032 3255 1103 3326 quod
1120 3255 1205 3324 magis
1222 3261 1264 3309 est
1281 3254 1309 3308 in

132 3355 189 3393 rem
206 3355 282 3394 suam
298 3347 451 3395 convertere
467 3340 510 3395 vel
527 3342 672 3411 compilare
690 3358 769 3410 quam
789 3358 949 3411 supponere.

201 3428 227 3495 2)
244 3426 333 3495 Epist.
354 3426 388 3481 ad
403 3427 459 3482 Att.
478 3427 539 3497 XII,
557 3431 598 3482 38.

202 3513 228 3581 3)
245 3512 311 3567 Adv.
328 3512 426 3568 iudoct.
445 3527 468 3566 ο.
486 3515 529 3567 27.

202 3597 228 3665 4)
246 3597 322 3665 Dieg.
332 3597 363 3652 1..
376 3599 410 3665 ll,
429 3600 471 3652 64.
488 3595 601 3655 πάντων
617 3602 713 3671 μέντοι
730 3601 786 3654 τῶν
795 3601 983 3671 Σωκρατικῶν
1000 3595 1143 3669 διαλόγων
1158 3602 1310 3658 Παναίτιος

134 3679 244 3748 ἀληθεῖς
263 3682 334 3738 ελναι
357 3683 436 3737 δοκεῖ
456 3681 518 3744 τοὺς
535 3680 699 3750 Πλάτωνος,
727 3683 921 3755 Ξενοφῶντος,
937 3682 1140 3750 Ἀντισθένους,
1157 3686 1306 3752 Αἰσχίνου·

135 3763 253 3830 διστάζει
276 3767 308 3821 δὲ
330 3773 394 3840 περὶ
416 3771 472 3826 τῶν
490 3771 638 3829 Φαίδωνος
660 3773 707 3822 καὶ
730 3768 893 3825 Εὐκλείδου.
916 3799 951 3810 -
977 3769 1100 3824 Ceterum
1117 3769 1214 3823 erravit
1231 3767 1308 3836 Diog.

134 3851 166 3906 1..
189 3858 235 3906 aut
257 3852 282 3905 b
307 3852 326 3908 l.
348 3860 395 3908 aut
417 3853 456 3923 Π,
476 3854 521 3924 85,
544 3855 591 3908 ubi
613 3855 745 3923 Aristippi
768 3871 875 3924 quoque
899 3855 981 3909 libros
1004 3854 1126 3910 Panaetii
1150 3855 1310 3909 auctoritate

134 3935 230 3992 mmet.

202 4024 229 4092 5)
248 4023 287 4078 Cf.
310 4023 407 4079 Athen.
426 4024 473 4094 xl,
491 4041 517 4093 p.
535 4027 586 4078 507
605 4027 637 4080 A.
661 4057 694 4066 —
722 4026 753 4095 V,
772 4043 798 4094 p.
822 4029 874 4080 220
890 4027 923 4081 D.
959 4024 973 4080 ὁ
1001 4026 1033 4080 δὲ
1059 4023 1199 4085 πολιτικὸς
1225 4023 1310 4079 αὐτοῦ

135 4104 302 4180 διάλογος
320 4111 375 4164 κτλ.

203 4198 229 4265 6)
247 4195 362 4264 Epictet.
389 4196 501 4251 Dissert.
527 4197 578 4266 IV,
605 4200 635 4266 5,
654 4201 696 4251 20.
723 4201 751 4250 τί
775 4191 826 4255 οὖν
851 4200 924 4269 λέγει
948 4196 1134 4266 Ἀντισθένης,
1161 4195 1230 4251 οὗδέ
1250 4196 1310 4250 ποτ’

112 4277 272 4349 ’ἤκουσαςς
301 4280 481 4349 ,,ῥασιλικο’ν,
508 4276 639 4356 ὦΚῦρε,
665 4280 795 4353 πράττειν
820 4284 875 4356 μέν
896 4277 942 4350 εὖ,
969 4286 1061 4343 κακῶς
1087 4279 1259 4338 δάκοάειν.“
1277 4313 1311 4322 w
