2866 4996
642 292 794 388 L

127 478 272 542 cntionem
301 479 380 540 iilum
411 478 454 540 its
480 481 576 554 potius
602 478 819 554 intelligendam
848 496 925 554 esse,
948 487 982 541 ut
1009 478 1183 554 tribonium,
1212 478 1307 556 prius·

128 601 214 656 quam
241 585 378 657 injectum
408 583 447 642 sit
475 584 604 656 corpori,
639 583 839 656 complicatum
867 583 914 641 sit.
964 583 1025 641 Alii
1057 585 1216 656 scriptores
1242 601 1307 658 per-

127 685 297 757 hibuerunt,
334 685 492 759 Diogenem
520 687 644 758 primum
672 684 818 758 duphcuto
845 684 973 743 tribonio
1002 701 1085 742 usum
1107 701 1170 744 esse
1180 683 1222 762 ¹),
1256 686 1307 746 sed

125 787 197 846 haec
223 802 323 845 eorum
356 787 501 846 sententia
532 785 620 845 fuisse
648 785 777 859 ridetur,
814 787 864 860 qui
892 786 1075 846 Antisthenis
1103 787 1307 846 auctoritatem

125 891 304 962 negligentes
330 890 368 948 ad
396 890 554 962 Diogenem
582 889 679 947 omnia
704 887 815 947 referre
837 888 978 948 solebant.
1023 886 1193 947 Antistheni
1217 889 1306 947 etiam

126 990 259 1050 baculum
277 997 307 1049 et
327 1008 398 1065 pera
419 990 588 1049 tribuuntur
597 988 609 1018 ²
611 1002 633 1065 ),
656 1006 727 1062 pers
741 989 858 1063 quidem
879 989 956 1049 haud
972 991 1032 1049 scio
1047 1006 1085 1047 an
1100 991 1218 1063 injuria,
1241 1008 1305 1050 cum

126 1093 314 1151 Antisthenes
336 1091 462 1151 nondum
484 1108 547 1149 esni
574 1091 698 1150 mendici
720 1092 844 1165 speciem
866 1091 1016 1150 affectasse
1043 1091 1194 1164 videmur,
1218 1108 1303 1165 quarn

129 1194 275 1267 Diogenes
297 1193 410 1251 demum
426 1197 459 1250 ut
473 1209 651 1251 communem
662 1194 834 1265 cynicorum
848 1193 980 1252 habitum
1001 1193 1150 1251 induxisse
1165 1190 1261 1252 fertur
1270 1193 1305 1270 3).

127 1296 155 1354 Is
177 1296 263 1354 etiam
285 1294 395 1368 primns
418 1295 521 1366 stipem
544 1293 709 1369 collegit⁴),
732 1294 763 1353 id
785 1294 863 1368 quod
884 1295 1052 1355 Antistheni
1074 1311 1133 1352 non
1154 1295 1304 1354 tribuitur.

126 1397 184 1456 Sed
206 1398 266 1469 jam
294 1397 325 1453 in
351 1396 406 1455 hoo
433 1398 561 1454 cernitur
589 1401 619 1454 et
646 1397 850 1469 importunitas
871 1396 1042 1469 Cynicorum
1071 1396 1231 1469 quemhbet
1252 1397 1303 1456 ad·

126 1498 339 1557 hortationibus
360 1495 579 1571 fatigantinm⁵)
601 1505 631 1557 et
652 1515 761 1572 aequus
783 1499 832 1558 ille
854 1501 980 1571 animus,
1010 1514 1067 1571 qno
1089 1497 1214 1556 oliorum
1236 1512 1305 1556 oon-

127 1601 202 1659 vicia
223 1598 300 1659 ferre
323 1597 500 1676 solebant‘).

128 1708 134 1716 '
209 1701 374 1775 Discipulos
395 1702 583 1761 Antisthenes
609 1701 712 1760 hebuit
739 1718 861 1774 paucos,
892 1704 974 1775 cujus
1000 1703 1044 1761 rei
1071 1717 1159 1760 causa
1180 1703 1305 1760 maxime

125 1804 284 1879 repetenda
312 1821 374 1863 esse
407 1803 523 1863 videtur
556 1821 573 1863 a
608 1804 777 1862 morositate
810 1809 841 1862 et
873 1805 1028 1863 severitate
1055 1802 1239 1861 Antisthenis
1274 1805 1305 1862 in

124 1906 280 1980 discipulos
295 1908 435 1965 acerrime
447 1908 609 1965 invehentis
618 1903 654 1982 1).
675 1905 874 1979 Interrogatus
883 1906 982 1979 igitur,
997 1922 1049 1965 cur
1061 1890 1170 1978 paucos
1184 1903 1306 1964 haberet

124 2008 295 2082 discipulos,
324 2008 453 2081 „quia“,
486 2009 595 2081 inquit,
618 2013 778 2081 „argentea
799 2010 882 2080 virga
903 2023 953 2066 cos
974 2005 1185 2082 proturbo‘⁴⁸),
1216 2009 1305 2080 signi·

124 2109 214 2169 icens
244 2109 346 2183 procul
373 2107 462 2167 dnbio
491 2110 624 2169 baculum
651 2126 734 2168 suum
761 2110 872 2181 album,
902 2108 980 2181 qnod
1008 2109 1143 2182 opposuit
1164 2109 1305 2168 Mercurii

124 2211 249 2272 caduceo
271 2227 360 2268 aureo
382 2217 413 2269 et
433 2217 537 2283 popter
552 2211 676 2270 colorem
696 2211 854 2285 appellavit
874 2217 1043 2284 argenteum
1052 2207 1089 2286 ’).
1133 2211 1206 2272 (ium
1227 2211 1305 2271 onim

127 2347 331 2357 ——---—-

200 2445 224 2512 1)
242 2443 319 2513 Diog.
337 2443 369 2498 L.
389 2443 433 2511 Vl,
452 2447 494 2497 22.
513 2448 630 2512 τρίβωνα
649 2439 791 2501 διπλώσας
802 2445 916 2514 ’πρῶτος
934 2441 1005 2496 κατά
1022 2462 1098 2502 τινας
1115 2460 1140 2494 κ.
1160 2462 1182 2494 τ.
1200 2444 1226 2494 λ.

194 2533 220 2594 2)
237 2530 315 2597 Diog.
334 2528 366 2582 L.
384 2528 430 2596 VI,
449 2531 494 2582 13:
512 2525 632 2598 βάκτρον
650 2547 677 2581 τε
694 2527 811 2595 ἀνέλαβε
828 2531 874 2580 καὶ
892 2531 1038 2600 πήραν-
1056 2528 1090 2582 of.
1108 2527 1305 2583 Laniculum.

124 2614 204 2668 Mori.
216 2620 256 2682 11,
267 2610 355 2685 3οὕτε
366 2610 422 2684 ἐγώ
433 2631 500 2666 ποτε
514 2610 639 2684 ηὐξάμην
654 2612 833 2678 Ἀντισθένην
851 2610 1007 2669 ἀποθανεῖν
1017 2609 1053 2671 ὡς
1064 2609 1305 2686 κληρονομήσαιμι

125 2702 171 2766 τῆς
187 2705 334 2771 βακτηρίας
352 2698 437 2752 αὐτοῦ
454 2727 490 2738 -
508 2697 562 2767 εἶχε
580 2697 611 2750 δὲ
629 2693 704 2753 πάνυ
727 2695 863 2769 καρτεράν
887 2698 918 2749 ἐκ
936 2703 1045 2753 κοτίνου
1064 2694 1252 2770 ποιησάμενος
1270 2729 1303 2736 -

126 2804 150 2837 κ.
169 2803 191 2836 τ.
210 2786 234 2835 λ.

192 2886 218 2954 3)
236 2885 314 2951 Diog.
332 2883 364 2935 L.
382 2882 427 2950 VI,
444 2886 486 2937 22.
522 2881 598 2949 Quod
616 2898 678 2936 vero
698 2883 846 2937 Sosicrates
870 2881 942 2951 (ibid.
964 2884 1005 2950 13)
1029 2898 1045 2936 a
1062 2883 1179 2938 Diodoro
1197 2885 1302 2952 Aspen·

124 2971 167 3024 dio
193 2970 268 3022 illum
295 2967 475 3021 mendicorum
501 2966 623 3020 habitum
649 2968 759 3035 repetit,
790 2975 898 3022 auctore
926 2968 1065 3022 Athenaeo
1092 2968 1139 3037 (IV
1157 2985 1184 3036 p.
1204 2966 1303 3037 loth)

124 3057 162 3110 sic
180 3055 270 3123 potius
285 3051 458 3121 judicandum
475 3055 529 3119 est,
547 3051 623 3104 illum
640 3051 754 3119 primum
772 3067 787 3106 e
805 3052 981 3122 Pythagoreis
1000 3053 1156 3122 Cynicorum
1174 3053 1300 3108 restitum

123 3142 266 3208 recepisse.
285 3138 318 3192 of.
336 3137 433 3192 Zeller.
451 3136 464 3188 1
482 3153 509 3204 p.
528 3139 587 3190 243.

196 3244 222 3312 4)
240 3242 318 3310 Diog.
337 3241 368 3295 L.
388 3240 433 3310 VI,
451 3242 493 3293 49.
512 3238 545 3292 cf.
565 3241 605 3292 38.
624 3242 666 3292 46.
686 3241 728 3292 56.

194 3343 417 3413 umm-

194 3448 219 3516 6)
237 3445 305 3500 Ibid.
324 3446 349 3497 3.
369 3446 393 3497 7.
413 3446 454 3496 12.
472 3473 506 3482 —
523 3442 612 3511 Epict.
631 3439 702 3497 Diss.
720 3441 766 3510 lv,
785 3443 809 3510 6,
827 3444 869 3496 20.

192 3552 217 3618 7)
235 3549 312 3616 Diog.
330 3546 363 3601 L.
383 3546 470 3608 vl‚4
493 3545 638 3617 ipocrisis
661 3541 709 3597 διὰ
730 3548 758 3596 τί
778 3546 883 3617 πικρῶς
906 3550 962 3603 τοῖς
978 3549 1117 3617 μαθηταῖς
1135 3542 1301 3615 ἐπιπλήττει,

121 3639 190 3704 „xro
209 3637 235 3686 οἱ
253 3635 375 3704 λατροίιῑ,
395 3635 478 3700 φησί,
498 3634 573 3696 ,,τοῖς
592 3626 774 3700 κάμνουσιν.“
1039 3617 1043 3623 ’

193 3737 218 3805 8)
237 3735 314 3802 Diog.
333 3734 365 3786 L.
384 3732 447 3786 ibid.
468 3730 510 3784 ὅτι
528 3729 649 3802 ἀργυρέᾳ
669 3728 768 3787 αὐτοὺς
785 3726 906 3797 ἐκβάλλω
925 3727 1026 3803 ῥάβδῳ.

191 3838 217 3906 9)
234 3836 359 3904 Plerique
385 3835 506 3889 homines
535 3833 607 3887 docti
626 3833 697 3886 hano
720 3833 878 3886 sententiam
900 3849 954 3886 non
976 3837 1146 3902 perspexisse
1169 3838 1300 3893 videntur.

122 3925 217 3993 Itaque
236 3923 417 3989 Oasaubonus
436 3920 480 3975 cui
496 3920 642 3974 assentitur
658 3918 813 3987 Menagius,
831 3919 985 3988 proposuit:
1005 3917 1047 3975 ὅτι
1061 3919 1184 3996 ἀργυρέᾳ
1202 3922 1302 3983 αὐτοὺς

123 4009 186 4064 οὐκ
209 4004 331 4077 ἐκβάλλω
356 4003 464 4078 ῥάβδῳ,
488 4020 557 4074 quae
575 4005 705 4073 quomodo
723 4004 882 4073 explicanda
900 4005 965 4074 sint,
990 4006 1077 4061 fateor
1093 4023 1135 4062 me
1152 4025 1206 4063 non
1224 4009 1301 4064 intel·

122 4097 212 4164 ligere.
247 4093 485 4148 winckelmannus
511 4090 639 4151 (Antisti.
657 4091 762 4158 Fragm.
786 4107 814 4159 p.
833 4092 876 4160 56)
899 4091 1005 4146 maluit:
1035 4089 1076 4145 ὅτι
1100 4099 1302 4167 Κερκυραία

123 4179 222 4241 αὐτοὺς
244 4176 365 4249 ἐκβάλλω
389 4174 496 4253 ῥάβδῳ,
523 4192 730 4233 commemorans
755 4175 863 4245 flagella
885 4177 1108 4249 Corcyraeorum,
1136 4194 1206 4250 queo
1228 4180 1301 4250 apud

122 4274 225 4324 veteres
251 4272 363 4337 proptor
385 4263 593 4334 magnitudinem
619 4269 683 4317 notu
705 4269 788 4351 eraut
834 4261 887 4319 Sed
912 4264 983 4321 inter
1000 4264 1129 4322 vocabule
1152 4262 1254 4340 μάστιξ
1276 4270 1303 4320 et
