2866 4996
584 352 591 364 -
640 299 792 393 -υ,

127 486 172 548 diu
193 487 324 546 homines
340 485 378 547 ad
391 486 591 561 philosophiae
613 488 741 548 studium
762 485 872 548 frustra
890 485 1062 547 adhortatus
1080 493 1166 563 esset,
1189 485 1228 548 ad
1242 503 1306 549 eam

127 591 242 650 tandem
270 589 499 664 indignationem
527 606 697 665 progressus
728 606 791 649 esse
820 589 929 663 fertum,
965 595 999 649 ut
1020 591 1081 663 jam
1103 591 1246 651 neminem
1268 591 1306 649 ad

128 711 156 752 se
183 689 399 768 admitteret¹).
473 691 556 751 Unus
590 692 761 753 verberibus
794 693 856 765 ejus
888 691 1002 750 obstitit
1039 693 1185 766 Diogenes
1223 693 1305 752 Sino-

127 795 237 868 pensis,
273 794 322 866 qui
356 810 420 852 eum
453 794 550 866 patria
582 794 720 869 profugus
752 794 883 853 Athenas
909 791 1055 866 proiectus
1082 801 1160 854 esset
1186 800 1216 853 et
1242 795 1306 867 pari

126 895 209 956 modo
237 894 276 954 ab
310 912 344 955 eo
372 896 506 969 repulsus
533 897 595 969 jam
623 897 757 956 baeulum
789 897 877 969 eapiti
904 912 955 955 suo
989 896 1157 969 impendens
1184 895 1306 966 rideret,

127 998 275 1071 „oaede“,
305 999 413 1072 inquit,
444 1014 528 1071 „non
550 997 627 1058 enim
647 999 778 1072 reperies
799 998 934 1057 baculum
955 1002 1015 1055 tam
1037 998 1157 1070 durum,
1181 1013 1238 1071 quo
1260 1012 1306 1054 me

127 1100 313 1173 propulses“.
368 1101 432 1172 Qua
459 1101 622 1172 pertinatia
648 1101 741 1160 rietus
763 1099 952 1158 Antisthenes
974 1116 1039 1158 eum
1066 1100 1097 1157 in
1126 1098 1306 1157 familiarita-

126 1207 181 1261 tem
195 1202 328 1275 ··reoepit.
391 1201 466 1274 Quid
493 1201 571 1276 quod
603 1218 671 1261 mox
705 1202 863 1275 discipulus
889 1202 1060 1275 magistrum
1087 1200 1254 1274 frugalitate
1276 1207 1306 1258 et

127 1303 280 1364 muemtata
306 1303 384 1362 vitae
411 1305 573 1377 superant,
600 1305 687 1362 Immo
715 1302 902 1377 reprehendit
929 1309 1048 1377 propter
1071 1304 1189 1363 nimiam
1210 1303 1303 1361 molli-

127 1404 215 1465 tlnrn'?
258 1404 300 1464 Ut
326 1405 403 1463 enim
431 1410 586 1479 praesepta
612 1406 674 1479 eJus
702 1405 838 1479 probavit
863 1405 957 1478 iisque
980 1423 1119 1464 summam
1141 1406 1305 1465 hominibus

127 1505 224 1566 afferri
250 1522 336 1580 posse
358 1507 479 1566 salutem
502 1506 589 1580 dixit,
611 1507 654 1565 ita
675 1509 765 1567 vitam
787 1508 849 1580 eius
870 1512 1018 1580 tamquam
1039 1509 1200 1568 molliorem
1222 1510 1306 1567 casti-
1407 1576 1408 1580 Ἰ

126 1611 203 1682 put
225 1625 291 1668 eum
313 1626 378 1668 eum
399 1610 470 1668 tuba
491 1625 672 1684 comparans,
695 1626 769 1683 quae
791 1611 917 1668 sonitum
938 1609 975 1668 ab
997 1611 1061 1684 ipsa
1082 1610 1229 1670 redditum
1246 1627 1304 1669 non

127 1711 240 1772 audiret
249 1709 285 1788 ²).
334 1712 414 1784 Quae
443 1728 490 1772 res
517 1712 682 1770 testimonio
704 1717 762 1783 est,
791 1711 994 1772 Antisthenem
1021 1714 1052 1770 in
1074 1715 1134 1773 vita
1161 1715 1304 1772 communi

126 1829 238 1888 semper
265 1813 400 1873 deeorem
427 1815 570 1887 quendam
602 1831 747 1887 servasse,
782 1826 840 1888 quo
874 1814 988 1888 abJeeto
1022 1814 1136 1874 demum
1163 1815 1307 1888 Diogenes

127 1933 223 1976 seram
252 1915 425 1989 Cynicorum
451 1916 595 1975 rationem
626 1917 787 1975 instituisse
815 1916 871 1975 sibi
898 1918 976 1977 maus
1005 1922 1058 1976 est.
1117 1918 1192 1974 Eam
1223 1919 1306 1990 quasi

126 2019 278 2092 imaginem
298 2016 481 2077 Antisthenis
502 2019 590 2077 etiam
611 2019 775 2092 Xenophon
794 2019 827 2077 in
848 2019 998 2094 Symposio
1020 2018 1160 2093 depinxit,
1184 2019 1234 2077 ubi
1256 2019 1305 2077 ille

127 2137 188 2181 eum
214 2121 334 2180 Socrate
360 2119 482 2194 aliisque
510 2121 610 2178 amieIs
641 2120 800 2180 laetissimo
833 2121 928 2180 animo
955 2122 986 2179 in
1014 2122 1144 2180 convivio
1171 2121 1304 2193 interest,

127 2223 201 2296 quod
215 2223 323 2282 Gallias
343 2222 374 2279 ln
395 2221 535 2282 honorem
548 2221 685 2296 Autolyci
701 2224 863 2296 apparavit.
887 2224 987 2282 Nihilo
1003 2225 1095 2284 secius
1112 2223 1305 2295 sermonibus,

128 2339 197 2395 qnos
231 2323 396 2396 Xenophon
431 2322 599 2383 Antistheni
639 2324 756 2395 tribuit,
796 2324 970 2398 Cynicorum
1012 2327 1172 2400 prinoipem
1209 2325 1306 2384 statim

128 2440 272 2498 agnosces.
316 2425 521 2499 Paupertatem
543 2427 620 2484 enim
642 2442 723 2485 suam
745 2432 778 2483 ut
799 2442 883 2485 veras
905 2426 1023 2486 divitias
1045 2425 1245 2503 praedieat³);
1268 2426 1305 2484 de

128 2526 245 2600 propria
266 2526 382 2600 quidem
408 2527 538 2601 loquItnr
559 2527 659 2601 domo,
691 2544 777 2599 quam
805 2529 950 2602 Diogenes
973 2535 1004 2587 et
1023 2529 1130 2602 reliqui
1153 2528 1253 2601 Gyniei
1274 2529 1306 2584 in

128 2629 242 2702 publioo
263 2634 466 2702 pemoetantes
480 2645 539 2688 non
557 2630 618 2703 jam
633 2629 848 2703 desiderabant,
871 2631 923 2690 sed
937 2637 1055 2705 praeter
1069 2630 1164 2690 nudos
1179 2630 1305 2703 parietes

127 2731 197 2790 nihil
223 2731 347 2804 amplius
373 2732 498 2805 requirit
524 2733 610 2790 etin
639 2732 712 2791 duro
740 2733 815 2792 leoto
834 2734 1044 2807 jucundissimo
1072 2749 1103 2792 se
1125 2731 1184 2792 frui
1206 2747 1306 2790 somno

127 2830 216 2912 ait⁴);
245 2834 338 2892 amori
358 2835 383 2892 si
405 2834 520 2908 quando
541 2833 692 2908 indulgere
714 2835 798 2909 velit,
827 2837 921 2909 prima
943 2853 1057 2910 quaque
1086 2852 1117 2894 se
1140 2839 1307 2895 contentum

129 3045 228 3119 ῥάβδος
244 3050 345 3119 aliquid
362 3050 481 3104 interest.
526 3049 628 3104 Verum
652 3049 709 3118 jam
732 3050 797 3104 vidit
818 3050 976 3120 Lessingius
1000 3051 1046 3106 ille
1064 3051 1216 3107 eritioorum
1233 3051 1305 3120 prin-

128 3149 189 3204 eeps
207 3135 251 3206 (ef.
269 3135 346 3204 Diog.
364 3135 396 3189 L.
415 3135 455 3190 ed.
474 3135 592 3189 Htlbner.
610 3134 637 3186 II
654 3150 684 3203 p.
696 3134 770 3203 735),
790 3152 870 3204 quem
886 3138 1008 3207 sequitur
1026 3136 1204 3205 Goettlingius
1223 3135 1307 3205 (Gom-

128 3227 233 3277 mentat
251 3221 312 3276 toll
329 3236 357 3290 p.
375 3223 435 3290 256,
454 3220 488 3290 1).

195 3325 221 3392 1)
238 3323 317 3394 Diog.
333 3325 366 3379 L.
385 3324 435 3396 VI,
459 3329 500 3381 21.
517 3361 552 3374 ..
568 3332 672 3392 Aelim,
692 3321 755 3376 Var.
772 3322 843 3378 Hist.
862 3325 904 3394 X,
924 3323 1127 3380 16.-Hieron.
1145 3323 1202 3378 adv.
1220 3322 1307 3377 Jorin.

191 3497 219 3565 2)
235 3497 295 3552 Dio.
314 3500 450 3572 Chrysost
469 3505 618 3563 Oratvm
634 3525 662 3577 p.
673 3507 724 3561 275
743 3495 834 3550 Rebi.
854 3497 991 3564 Διογένης
1010 3490 1024 3546 ὁ
1043 3490 1188 3550 Σινωπεὺς
1205 3494 1309 3546 -τῶν

127 3583 180 3650 μὲν
203 3577 296 3640 ἄλλων
318 3586 385 3657 ταχὺ
413 3588 633 3663 κατεφρόνησεν,
657 3588 829 3648 Ἀντισθένει
851 3582 883 3636 δὲ
906 3581 1019 3650 ἐχρῆτο,
1047 3577 1098 3631 οὐκ
1121 3573 1206 3631 αὐτὸν
1224 3573 1310 3635 οὕτως

127 3667 250 3725 ἐπαινῶν
272 3667 308 3730 ὡς
331 3672 394 3733 τοὺς
413 3670 530 3744 λόγους,
554 3675 601 3737 οὓς
618 3677 728 3747 ἔλεγεν,
750 3666 903 3741 ἡγούμενος
920 3661 1026 3736 μόνους
1043 3663 1114 3719 εἶναι
1131 3660 1244 3727 ἀληθεῖς
1262 3664 1309 3712 aiat

125 3749 244 3823 μάλιστα
269 3755 444 3829 δυναμένους
466 3756 620 3834 ἄνθρωπον
645 3761 801 3832 ὠφελῆσαι·
826 3757 887 3810 ἐπεὶ
910 3746 998 3805 αὐτόν
1022 3768 1055 3821 γε
1076 3746 1126 3804 τὸν
1147 3746 1308 3811 Ἀντισθένη

126 3836 311 3912 παραβάλλων
334 3843 404 3915 πρὸς
426 3844 488 3904 τοὺς
510 3842 610 3916 λόγους
631 3846 720 3902 ἐνίοτε
743 3839 859 3913 ἤλεγχεν
887 3835 923 3898 ὡς
944 3833 1016 3889 πολὺ
1038 3828 1237 3907 μαλακώτερον
1262 3833 1309 3883 καὶ

125 3923 179 3995 ἔφη
203 3924 288 3983 αὐτὸν
312 3927 383 3984 εἶναι
405 3926 547 4001 σάλπιγγα
572 3931 724 4003 λοιδορῶν·
748 3927 835 3982 αὐτοῦ
852 3923 907 3998 γὰρ
931 3920 981 3976 οὐκ
999 3915 1082 3988 ἤκουε
1108 3922 1308 3991 φθεγγομένου

125 4018 265 4082 μέγισιον.
293 4014 327 4067 ei.
346 4014 420 4069 Stob.
440 4015 532 4070 Floril.
552 4015 625 4085 XIII,
647 4018 688 4069 19.
705 4047 739 4058 -
757 4013 833 4080 Diog.
852 4011 883 4065 L.
894 4009 944 4078 VI,
965 4011 1004 4061 19.
1016 4007 1160 4062 -Iladem
1176 4003 1209 4060 de
1226 4019 1309 4059 eausa

125 4098 278 4153 Antistheni
296 4098 440 4163 ἀλαζονεία
458 4101 540 4157 tribui
557 4101 661 4156 ridetur
683 4102 809 4171 (Cramer.
828 4096 928 4151 Aneod.
948 4095 1041 4148 Graec.
1060 4110 1087 4161 p.
1105 4096 1174 4162 255).

196 4204 397 4272 fflfflfflm

195 4292 223 4358 4)
242 4289 288 4357 lv,
307 4293 348 4344 as.
