2866 4996
124 483 239 541 titulum
261 479 329 538 libri
351 479 512 554 cujusdam,
537 480 586 552 qui
607 479 822 540 inscribebatur
843 476 979 550 Ἀλήθεια,
1000 488 1031 543 et
1051 482 1124 542 illud
1144 481 1306 556 decretum,

125 585 198 645 nulli
219 583 380 643 sententiae
401 581 560 641 contradici
582 597 681 655 posse,
705 581 883 658 assumsit').

211 687 274 760 Qua
295 685 487 758 sophistarum
515 683 667 758 disciplina
694 701 748 758 per
768 686 839 744 satis
866 686 982 760 longum
1008 687 1149 760 temporis
1177 687 1305 760 spadum

126 807 194 850 usus
217 805 280 848 esse
302 784 462 863 ridetnr¹).
506 786 608 859 ltaque
631 803 803 860 quamquam
824 793 927 860 postea
948 804 1058 847 summo
1080 788 1177 847 undio
1199 789 1304 848 Socra·

126 894 164 953 tis
193 891 419 952 familiaritatem
453 889 602 962 amplexus
628 895 674 949 est
705 896 734 948 et
763 890 901 964 Gorgiam
934 891 1104 963 magianum
1135 895 1197 949 tum
1229 891 1305 951 adeo

125 995 248 1070 sprevit,
277 1000 311 1051 ut
332 991 472 1064 singulari
497 1007 563 1050 cum
588 991 664 1049 libro
691 992 884 1052 insectaretur
892 992 933 1067 ⁸),
969 999 1065 1050 umen
1093 1009 1109 1050 e
1137 993 1304 1065 sophisticis

124 1098 182 1156 illis
204 1093 460 1155 exercitationibus
487 1091 665 1152 redundasse
693 1093 804 1166 aliquid
825 1095 863 1154 ad
884 1093 1096 1167 philosophiam
1118 1093 1304 1155 Antisthenis

126 1195 376 1265 conformandam,
405 1194 469 1265 quis
496 1195 610 1266 estqui
640 1193 836 1254 initiasset?
883 1196 982 1254 Etiam
1003 1195 1304 1254 scholas—rhetoricas

124 1299 260 1359 habuisse
286 1295 415 1367 videtur,
443 1296 467 1352 si
496 1295 611 1368 quidem
639 1298 688 1368 qui
717 1314 809 1369 usque
836 1297 873 1356 ad
899 1296 930 1355 id
958 1303 1072 1371 tempus
1099 1297 1162 1370 ejus
1187 1295 1305 1358 inerant

125 1399 258 1473 discipuli
280 1413 329 1457 eos
351 1397 475 1467 monuit,
497 1402 531 1455 ut
552 1397 597 1454 sui
618 1397 695 1470 apud
718 1399 865 1457 Socratem
887 1397 992 1458 tierent
1013 1396 1249 1475 condiscipuli⁴).

209 1501 281 1561 (inm
307 1499 384 1558 euim
411 1497 600 1557 Antisthenes
624 1501 655 1557 in
683 1501 809 1559 Socratis
842 1516 873 1558 se
899 1500 1028 1559 dedisset
1054 1500 1302 1574 consuetudinem,

123 1611 206 1665 tanto
234 1607 334 1675 captos
362 1605 407 1658 est
428 1601 491 1673 eius
518 1616 632 1673 amore,
662 1608 694 1660 ut
720 1603 757 1661 ab
779 1619 815 1661 eo
841 1609 943 1677 postea
969 1617 1117 1674 nunquam
1139 1601 1305 1663 discederet

125 1713 155 1768 et
180 1707 211 1764 iu
242 1719 362 1762 numero
390 1701 596 1774 discipulorum
624 1704 686 1776 ejus
719 1704 877 1763 haberetur
908 1704 1151 1763 fidelissimorum.
1200 1706 1304 1779 Itaque

124 1810 259 1869 Socrates
285 1806 348 1877 ipse
374 1786 453 1876 apid
480 1804 737 1882 Xenophontem)
775 1811 993 1877 commemorat,
1032 1805 1243 1879 Apollodorum
1274 1813 1303 1867 et

124 1910 327 1970 antisthenem
353 1921 467 1978 semper
493 1906 614 1980 vestigia
650 1924 703 1967 sua
735 1925 867 1981 premere
895 1914 925 1965 et
952 1925 1004 1981 per
1033 1907 1302 1982 dissimulationem,

125 2029 182 2086 qna
210 2011 254 2070 uti
281 2008 370 2080 solet,
405 2009 523 2081 magicis
551 2010 663 2069 artibus
691 2011 722 2069 id
750 2008 825 2069 effici
854 2006 969 2085 dicit‘).
1019 2009 1095 2082 Quid
1117 2009 1195 2082 quod
1216 2010 1303 2070 hnu-

124 2115 240 2173 sthenes
268 2128 304 2170 ex
325 2111 462 2184 Piraeeo,
485 2111 536 2170 ubi
558 2110 718 2184 habitabat,
741 2111 870 2184 quotidie
892 2110 1085 2184 quadraginta
1111 2111 1213 2170 stadiis
1234 2128 1304 2172 con·

123 2215 207 2275 lectis
229 2214 356 2273 Somatis
383 2212 519 2271 audiendi
546 2229 634 2271 cansa
655 2212 693 2271 sd
722 2214 823 2273 urbem
851 2211 1049 2290 migrabatljl
1097 2213 1305 2274 Suarisslmnm

124 2317 287 2390 exemplum
315 2314 458 2374 amicitiae
485 2331 584 2374 eorum
610 2315 641 2373 in
663 2314 864 2389 Xenophontis
891 2316 1041 2389 Symposio
1068 2319 1172 2374 exstat.
1216 2315 1303 2375 Anti·

125 2419 241 2480 sthenes
263 2418 304 2477 ibi
327 2417 436 2476 divitiis
457 2417 517 2476 suis
539 2418 694 2491 gloriatur,
717 2435 775 2478 uon
796 2419 833 2477 iis
855 2418 986 2491 quidem,
1015 2433 1087 2490 quas
1108 2416 1211 2491 vulgus
1227 2423 1303 2478 'oon-

128 2523 276 2595 cupiscere
298 2521 405 2592 soleat,
434 2520 486 2579 sed
507 2520 595 2579 animi
616 2520 715 2592 bouis,
744 2537 818 2594 quae
839 2521 973 2581 Socrates
994 2535 1105 2578 summa
1125 2518 1305 2580 liberalitate

126 2641 222 2684 secum
243 2621 545 2697 communicaverit⁸),
568 2623 684 2681 mummi
707 2629 804 2682 autem
826 2621 909 2681 said
930 2620 1036 2680 ducere
1058 2621 1113 2692 ait,
1142 2619 1221 2693 qnod
1242 2621 1305 2680 otio

125 2743 184 2786 una
214 2743 279 2785 cum
311 2725 429 2783 Socrate
461 2722 518 2781 irai
550 2722 692 2799 possit');
727 2730 757 2784 et
783 2741 847 2783 cum
876 2724 933 2782 alio
960 2722 1023 2781 loco
1046 2721 1181 2782 Socrates
1209 2739 1245 2781 ex
1266 2739 1303 2783 eo

127 2832 257 2902 quaerat,
279 2843 348 2884 num
363 2825 441 2883 solus
455 2827 598 2885 neminem
619 2832 705 2899 amet,
728 2827 834 2899 „immo
848 2843 918 2885 vero
932 2842 986 2899 per
1000 2825 1070 2885 deos
1091 2825 1303 2898 immortales“‚

129 2945 331 2955 -.—---.---—-

195 3013 220 3079 1)
238 3008 276 3062 Cf.
295 3024 354 3075 cap.
372 3007 407 3074 Π,
425 3010 449 3059 7.

195 3095 222 3162 2)
240 3093 278 3148 Cf.
297 3107 357 3159 cap.
376 3092 390 3144 1
408 3097 474 3145 extr.

195 3177 468 3248 mmmm&

193 3265 220 3332 4)
238 3264 313 3331 Diog.
326 3263 356 3314 L.
375 3262 422 3330 VI,
434 3265 464 3315 2:
484 3257 601 3333 ὕστερον
624 3259 656 3314 ol
675 3261 814 3333 παρέβαλε
831 3256 974 3333 Σωκράτει
997 3262 1044 3312 καὶ
1062 3263 1195 3315 τοσοῦτον
1213 3255 1305 3315 ὤνατο

127 3350 223 3417 αὐτοῦ,
241 3347 310 3403 aiore
325 3343 443 3422 παρῄνει
460 3352 516 3406 τοῖς
533 3351 671 3419 μαθηταῖς
687 3349 821 3416 γενέσθαι
838 3344 912 3414 αὐτῷ
929 3343 1000 3417 πρὸς
1016 3339 1170 3418 Σωκράτην
1187 3358 1303 3417 συμμα-

127 3432 219 3502 θητάς.
245 3465 278 3473 -
301 3434 460 3488 Accuratius
488 3433 665 3502 Hieronymus
688 3438 780 3486 conus
800 3431 887 3486 Jorin.
911 3431 945 3500 Il,
975 3433 1019 3484 14:
1048 3429 1224 3484 Antisthenes
1242 3446 1304 3483 cnm

126 3521 240 3589 gloriose
263 3520 398 3574 docuisset
417 3519 578 3574 rhetoricam
601 3517 772 3585 audissetque
797 3516 947 3584 Socratem,
970 3515 1071 3569 dixisse
1095 3514 1181 3568 fertur
1198 3513 1232 3569 ad
1250 3514 1303 3568 dis·

127 3607 231 3675 cipulos
249 3621 325 3660 suos:
344 3604 416 3659 abite
434 3611 461 3658 et
478 3604 635 3672 magistrum
652 3603 785 3671 quaerite,
804 3618 855 3670 ego
872 3602 943 3655 enim
957 3602 1014 3669 jam
1031 3601 1128 3668 reperi.

193 3691 219 3761 5)
237 3690 382 3744 Memorab.
401 3690 454 3758 III,
474 3692 514 3757 11,
534 3691 578 3742 17:
602 3685 681 3740 Ἀλλὰ
698 3684 746 3740 διὰ
769 3690 797 3739 τί
813 3689 864 3740 οἴει
878 3681 1089 3757 Ἀπολλόδωρόν
1112 3703 1140 3739 τι
1157 3680 1239 3740 τόνδε
1257 3686 1306 3736 καὶ

122 3776 298 3842 Ἀντισθένην
316 3773 452 3828 οὐδέποτέ
467 3791 523 3845 μου
541 3771 758 3834 inclamandum
777 3790 802 3823 κ.
816 3791 838 3824 r.
851 3773 873 3823 l.
888 3800 921 3810 -
935 3770 1000 3824 Cum
1018 3769 1128 3824 Socrate
1147 3769 1304 3837 colloquens

126 3861 261 3915 inducitur
277 3861 312 3929 Π,
331 3862 354 3914 5.

194 3947 220 4015 6)
239 3945 277 3999 Cf.
296 3945 421 3999 Philostr.
440 3941 593 4010 viunpoll.
609 3941 655 4010 IV,
673 3944 720 3995 25:
738 3938 841 3997 παθὼν
857 3939 928 4013 πρὸς
941 3936 1127 3996 Ἀπολλώνιον
1144 3935 1214 4007 ὅπερ
1232 3941 1304 4008 φασι

127 4030 175 4089 τὸν
189 4031 364 4097 Ἀντισθένην
380 4027 451 4100 πρὸς
468 4027 517 4095 τὴν
534 4030 582 4081 τοῦ
600 4023 767 4098 Σωκράτους
785 4032 891 4097 σοφίαν
907 4031 1020 4080 παθεῖν.

195 4119 221 4183 7)
238 4116 314 4183 Diog.
333 4115 365 4168 L.
384 4114 429 4181 Vl,
448 4116 473 4165 2.

194 4199 395 4269 fflffifflm

196 4286 222 4354 9)
239 4283 304 4338 ibid.
323 4283 339 4354 ᾗ
356 4285 398 4337 44.
