2866 4996
640 396 789 484 L

123 585 213 643 libros
228 584 374 656 Diogenes
389 581 425 657 (V
429 582 452 653 1,
471 582 508 638 15
521 579 576 656 sq.)
592 585 743 637 enumerat
756 594 897 651 nusquam
912 579 998 652 hujus
1013 580 1121 653 Magici
1135 583 1310 641 mentionem

124 685 242 745 faciens.
287 683 427 755 Reliquus
457 687 502 740 est
522 681 571 739 ille
592 681 712 752 tertius,
736 681 817 753 cuius
839 696 943 739 nomen
965 680 1119 741 manifesto
1141 692 1308 757 corruptum

127 760 234 862 optime
256 786 471 844 aBernhardio
493 785 535 842 ita
558 782 741 840 emendatum
759 788 814 854 est,
838 789 869 840 ut
884 799 937 855 pro
953 776 1060 840 ‘Pidasa
1080 784 1195 857 legatur
1209 779 1307 858 Ῥοδίῳ.

127 889 172 947 Ad
206 887 330 947 eundem
364 887 454 960 igitur
488 885 657 942 historicum
685 883 830 942 Rhodium
866 885 954 942 etiam
981 886 1113 958 Magicus
1139 885 1310 945 referendus

127 1007 191 1048 esse
211 989 338 1048 videtur.
549 997 550 1000 ’

210 1091 356 1162 Diogenes
379 1089 514 1147 Laertius
544 1087 739 1159 compluribus
768 1087 838 1145 locis
860 1087 1065 1147 Antisthenem
1087 1089 1230 1161 quendam
1259 1097 1310 1148 aut

128 1193 296 1267 simpliciter
307 1189 333 1266 ¹)
356 1198 406 1248 aut
432 1190 507 1248 libro
537 1190 599 1261 ejus
628 1188 728 1247 addito
756 1187 800 1264 (ἐν
823 1192 879 1253 παῖς
900 1189 1092 1267 daedalea-W
1123 1191 1224 1250 laudat
1251 1208 1310 1249 non

130 1293 308 1367 significans,
352 1278 431 1364 quis
449 1289 537 1348 luerit
568 1291 617 1348 ille
651 1291 848 1349 Antisthenes
914 1292 1178 1351 Alexandrinorum
1215 1296 1310 1351 aetate

129 1413 193 1454 cum
213 1395 319 1453 vixisse
346 1393 409 1466 ipse
442 1392 545 1450 titulus
578 1392 646 1450 libri
667 1391 791 1463 indicat,
829 1394 879 1464 qui
911 1410 929 1451 a
965 1395 1159 1467 grammaticis
1181 1395 1307 1453 Alexan-

130 1497 221 1555 drinis
257 1496 358 1569 primis
391 1499 547 1566 usurpatus
581 1493 671 1567 est⁸).
738 1493 861 1553 Accedit
898 1495 975 1567 quod
1017 1497 1047 1553 in
1084 1497 1134 1554 illo
1170 1497 1244 1555 libro
1282 1502 1312 1554 et

130 1597 317 1657 Menedemus
338 1597 516 1655 Eretriensis
525 1595 568 1672 ⁴),
597 1597 646 1668 qui
669 1613 692 1654 c.
717 1595 760 1653 01.
788 1599 866 1667 125,
890 1602 909 1654 4
938 1597 1025 1673 (277)
1053 1599 1140 1670 paulo
1162 1603 1228 1670 post
1248 1597 1309 1655 An·

129 1700 220 1773 tigoni
247 1698 397 1756 victoriam
424 1698 460 1756 de
495 1698 587 1756 Gallis
611 1702 791 1770 reportatam
824 1704 953 1756 mortuus
986 1716 1049 1758 esse
1078 1696 1244 1773 u‘idetur⁸),
1282 1704 1312 1757 et

130 1800 284 1861 Cleanthes
311 1799 423 1858 Stoicus
434 1797 477 1875 ⁶),
506 1800 556 1871 qui
587 1815 653 1856 eum
682 1799 743 1855 vita
779 1801 882 1856 etiam'
896 1801 1059 1872 superavit,
1098 1801 1312 1859 commemorati

131 1909 222 1961 erant.
278 1901 349 1959 (lum
376 1917 445 1959 vero
480 1902 625 1972 Diogenes
652 1899 787 1958 Laenius
820 1901 876 1972 VI,
909 1904 964 1971 19,
993 1902 1043 1959 ubi
1071 1908 1130 1960 tres
1160 1907 1311 1960 enumerat

131 2004 333 2073 Antisthenes,
361 2002 439 2060 haud
468 2001 553 2060 facile
580 2003 658 2059 hune
690 2005 738 2056 ιών
764 2001 895 2069 teiningas
922 2009 1071 2061 auctorem
1099 2004 1233 2061 omittere
1259 2019 1312 2076 po·

131 2106 221 2164 tuerit
249 2110 279 2162 et
305 2103 531 2175 Peripateticum
558 2104 653 2174 illum,
688 2120 772 2175 quem
800 2104 929 2175 Phlegon
959 2104 1074 2177 laudat,
1109 2105 1146 2162 ab
1173 2105 1312 2163 historico

132 2207 244 2266 Rhodio
267 2221 326 2262 non
341 2204 486 2262 diversum
508 2221 571 2263 esse
587 2205 795 2278 collegerimus,
819 2207 891 2264 nihil
913 2207 1019 2276 obstat,
1044 2208 1196 2278 quominus
1218 2206 1311 2265 eidem

134 2306 303 2365 Antistheni
332 2306 419 2364 etiam
447 2306 554 2364 librum
582 2307 618 2364 de
650 2308 887 2380 philosophorum
915 2308 1143 2366 successionibus
1170 2307 1312 2366 attribua-

136 2425 207 2466 mus
237 2437 280 2447 —
316 2405 504 2481 Fabricius⁷)
539 2414 635 2466 autem
668 2409 870 2467 Antisthenen
903 2409 1047 2467 Rhodium
1084 2407 1215 2466 contudit
1249 2425 1314 2467 cum

133 2507 325 2582 Agrigentino
348 2509 489 2580 quodam,
519 2510 564 2567 cui
594 2526 751 2582 cognomen
779 2518 843 2569 erat
870 2505 957 2572 Ῥόδος
966 2509 1002 2585 ⁸).
1046 2510 1109 2569 Sed·
1126 2510 1173 2567 hie
1201 2510 1313 2568 duobus

134 2611 258 2670 saeculis
283 2614 350 2666 ante
372 2609 452 2667 illum
475 2610 561 2682 vixit,
586 2627 643 2682 quo
665 2617 794 2684 tempore
816 2613 1008 2685 Agrigentum
1030 2629 1048 2669 a
1069 2611 1314 2683 Carthaginiensi·

134 2713 187 2771 bus
211 2717 408 2784 expugnatum
430 2717 475 2768 est
498 2709 555 2786 (01.
580 2713 629 2784 93,
653 2714 688 2783 9;
712 2715 773 2770 406
796 2729 823 2771 a.
847 2713 914 2772 0111.
937 2715 990 2789 n).
1016 2747 1053 2759 -

220 2831 297 2887 Num
320 2828 358 2886 ad
379 2828 502 2886 eundem
525 2829 671 2888 Rhodium
692 2828 862 2891 referendus
884 2833 922 2890 sit
950 2831 1025 2889 liber
1049 2830 1084 2888 de
1107 2830 1314 2903 pyramidibus,

140 2933 221 3004 cujus
235 2931 346 2988 Plinius
354 2926 391 3005 ⁹),
414 2936 445 2987 ct
466 2930 674 3004 „Meleagris“,
698 2933 779 3005 cujus
794 2931 1018 3008 Plutarchus¹⁰)
1041 2933 1215 2993 mentionem
1237 2930 1315 3002 facit,

138 3034 168 3090 in
190 3032 278 3090 dubio
300 3032 499 3104 relinquimus

219 3135 281 3191 Nec
302 3133 396 3191 minus
424 3135 590 3208 ambiguum
618 3142 675 3207 est,
705 3136 774 3207 quid
800 3136 988 3209 judicandum
1017 3137 1054 3194 sit
1083 3135 1119 3194 de
1141 3135 1314 3193 Antisthene

138 3319 339 3327 ————-———-

208 3435 232 3502 1)
250 3433 298 3501 IX,
317 3435 358 3486 38.
377 3435 418 3486 39.
438 3436 479 3486 52.

207 3535 234 3602 2)
251 3534 273 3601 1,
291 3536 338 3602 40;
356 3534 391 3602 11,
410 3536 451 3588 aa.
469 3536 511 3588 aa.
532 3534 659 3602 13431'1
678 3538 719 3588 77.
738 3538 784 3604 8⁷3
803 3535 862 3603 vn,
882 3539 944 3604 1683
962 3535 1008 3602 111,
1027 3542 1050 3589 a.
1068 3539 1110 3588 27.
1129 3539 1171 3590 aa.

207 3638 232 3705 3)
251 3634 290 3688 Cf.
308 3633 430 3689 Brandis
448 3635 517 3689 Hist.
535 3635 602 3703 phil.
621 3636 665 3688 Gr.
683 3636 704 3688 1.
722 3653 749 3704 p.
769 3640 799 3690 31
819 3653 858 3704 sq.

207 3738 233 3805 4)
251 3736 326 3804 Diog.
345 3737 376 3790 L.
395 3738 429 3805 ΙΙ,
449 3741 506 3791 134.

210 3842 235 3909 5)
253 3839 330 3906 Diog.
348 3838 380 3893 L.
398 3839 433 3906 11,
453 3844 500 3893 141
521 3856 560 3908 sq.

211 3943 237 4011 6)
254 3940 331 4007 Diog.
349 3938 382 3992 L.
401 3940 460 4009 Vll,
480 3943 537 3995 168.

208 4043 234 4110 7)
251 4040 378 4094 Biblioth.
398 4041 491 4095 Graec.
509 4042 544 4095 II.
561 4059 588 4110 p.
607 4044 665 4096 699.

208 4144 235 4210 8)
251 4142 359 4196 Diodor.
377 4142 451 4210 Xlll,
469 4146 511 4196 84.

209 4245 235 4313 9)
253 4245 323 4299 Hist.
341 4252 395 4298 nat.
412 4245 541 4312 XXXVI,
561 4248 600 4297 12.

195 4347 236 4414 10)
253 4344 294 4399 De
311 4343 466 4401 fluminibus
484 4348 556 4412 (tom.
575 4345 646 4399 XIV.
664 4363 690 4415 p.
709 4349 760 4401 469
777 4347 898 4411 Hutten).
