2866 4996
641 293 793 384 *52

125 480 230 554 fuisse,
260 479 312 538 sed
333 479 365 538 id
386 477 460 538 falso
483 495 519 537 ex
540 479 590 537 illo
611 496 698 539 versu
721 480 844 556 (Eccles.
869 477 957 555 363),
979 480 1030 539 ubi
1049 466 1192 554 Blepyrus
1213 478 1301 539 medi·

128 601 190 644 cnm
212 583 270 641 sibi
292 581 401 641 arcessi
426 580 520 653 jubet,
543 597 593 640 eos
613 581 762 654 collegisse
784 587 862 640 recte
884 582 1048 653 suspicatur
1068 579 1258 657 Bergkius¹).

212 683 245 760 2)
274 681 363 756 Apud
391 682 550 754 Diogenem
576 683 726 741 Laertium
734 682 760 760 ²)
788 682 976 741 Antisthenes
1005 683 1122 755 quidam
1149 683 1226 740 inter
1253 698 1302 742 eos

132 790 383 856 commemoratur,
418 784 467 854 qui
496 783 604 843 librum
634 785 775 844 Heracliti
801 785 984 857 interpretati
1011 790 1086 843 sunt.
1132 785 1216 842 Hunc
1243 784 1302 843 He-

133 890 278 948 racliteum
295 885 419 945 eundem
443 900 505 942 esse
528 903 591 944 curn
604 886 710 959 Cynico
730 891 829 946 nostro
853 887 966 944 censuit
979 884 1300 959 Schleiernracherns⁸).

134 989 211 1062 Quod
238 992 273 1046 ut
294 987 415 1059 probet,
444 992 539 1046 sectae
561 988 675 1048 Stoicae
698 1005 716 1046 a
737 988 908 1061 Cynicorum
930 988 1020 1060 stirpe
1041 987 1180 1046 oriundae
1202 987 1301 1060 physi-

134 1107 189 1149 cam
216 1089 318 1161 affert,
348 1105 434 1161 quam
464 1090 501 1147 ab
524 1090 672 1148 Heraclito
701 1091 855 1163 repetitam
877 1107 940 1149 esse
961 1090 1038 1147 inter
1059 1104 1158 1148 omnes
1180 1094 1301 1147 constat.

133 1192 228 1265 licque
251 1190 283 1248 id
301 1190 503 1263 negligendum
525 1207 587 1248 esse
603 1191 780 1264 arbitratur,
804 1191 880 1263 qnod
893 1191 969 1264 apud
985 1191 1143 1264 Diogenem
1153 1191 1302 1249 Laertium

132 1292 191 1369 (lX,
218 1292 270 1367 15)
292 1292 342 1350 ille
365 1290 554 1351 Antisthenes
576 1292 723 1353 Heraclidi
746 1295 879 1366 Pontico,
903 1293 1044 1364 Cleanthi,
1067 1293 1206 1365 Sphaero,
1229 1308 1301 1365 quos

133 1400 243 1454 servato
265 1394 405 1466 temporis
427 1394 528 1452 ordine
551 1396 713 1453 enumerari
736 1401 849 1468 pateat,
877 1395 1057 1467 antepositus
1079 1395 1125 1452 sit.
1169 1393 1301 1465 Denique

131 1498 157 1554 in
178 1486 310 1554 Platonis
333 1495 454 1554 Philebo
482 1514 509 1569 p.
534 1499 574 1558 43
597 1497 624 1554 Ι)
647 1514 690 1570 sq.
702 1495 728 1573 ⁴)
764 1497 966 1555 Antisthenem
988 1495 1144 1569 significari
1166 1500 1249 1567 putat
1271 1499 1301 1552 et

130 1599 176 1657 illa
203 1599 311 1667 verba,
340 1597 445 1669 quibus
472 1598 629 1670 voluptatis
656 1599 815 1657 adversarii
842 1598 977 1671 physicae
1003 1598 1124 1656 rationis
1150 1596 1302 1671 peritisimi

131 1699 314 1773 appellantur
323 1695 363 1774 ⁵),
392 1697 430 1756 ad
451 1697 633 1758 Antisthenis
660 1700 756 1758 studia
778 1700 942 1759 Heraclitea
963 1698 1066 1758 referri
1088 1699 1158 1757 vult.
1183 1731 1220 1741 -
1245 1697 1301 1755 Sed

130 1803 251 1873 primum
288 1803 466 1875 gravissimis
499 1803 675 1874 argumentis
702 1804 732 1859 in
760 1801 877 1859 dubium
904 1802 1001 1859 vocari
1032 1806 1139 1874 potest,
1173 1817 1240 1858 num
1267 1814 1300 1856 re

130 1919 197 1961 vera
219 1904 334 1962 Philehi
362 1904 411 1962 ille
439 1905 519 1963 loeus
541 1903 685 1974 pertineat
706 1903 743 1961 ad
765 1902 982 1973 Antisthenem3
1010 1909 1098 1974 atque
1119 1908 1152 1960 ut
1173 1917 1248 1959 nunc
1269 1900 1300 1958 id

130 2007 308 2078 omittamnS,
338 2012 434 2064 tamen
456 2006 572 2063 minime
594 2022 711 2063 necesse
734 2011 778 2063 est
799 2003 947 2076 epitheton
968 2003 1039 2062 illud
1060 2003 1240 2062 Platonicum
1262 2002 1299 2059 ab

129 2106 268 2165 Heracliti
302 2108 542 2180 interpretatione
574 2113 752 2180 repetamus
789 2123 853 2165 cum
881 2105 1083 2165 Antisthenem
1117 2107 1146 2162 in
1175 2105 1300 2177 physicis

129 2209 248 2266 multum
270 2215 415 2267 versatum
438 2226 500 2267 esse
521 2208 609 2266 index
629 2208 770 2266 librorum
788 2209 849 2282 ejus
864 2208 1049 2266 demonstret.
1093 2209 1195 2280 Neque
1210 2207 1299 2265 ullum

128 2310 157 2367 11
172 2309 348 2369 Antisthene
371 2311 523 2382 vestigium
545 2310 744 2383 philosophiae
760 2310 942 2369 Heracliteac
962 2315 1092 2382 apparet.
1137 2310 1219 2383 Quod
1232 2324 1299 2367 vero

128 2411 202 2484 apud
225 2412 384 2485 Diogenem
412 2412 460 2470 ille
483 2410 671 2471 Antisthenes
692 2411 840 2470 Heraclidi
862 2411 983 2470 Pontico
1012 2416 1042 2469 11
1063 2410 1175 2469 duobus
1197 2411 1300 2468 Stoicis

128 2513 281 2586 antecedit,
304 2531 362 2572 non
383 2513 565 2572 infitiandum
587 2530 656 2572 saue
676 2514 791 2585 quidem
814 2519 866 2585 est,
890 2531 955 2572 eum
976 2516 1071 2572 aetate
1089 2513 1147 2570 illis
1165 2513 1299 2582 anteisse,

128 2615 177 2674 scd
204 2632 263 2672 non
292 2632 328 2673 ex
351 2631 384 2673 eo
407 2614 545 2686 efficitur,
577 2615 656 2673 illum
679 2615 801 2674 cundem
823 2613 910 2675 luisse
933 2633 998 2674 cum
1020 2614 1135 2687 Cynico.
1179 2613 1301 2673 Accedit

128 2716 203 2788 quod
228 2716 373 2789 Diogenes
400 2718 477 2775 inter
498 2717 597 2789 Cynici
625 2717 717 2776 nostri
745 2733 834 2790 opera
861 2734 1002 2791 nusquam
1029 2717 1299 2789 interpretationem

128 2805 268 2877 Heracliti
301 2824 506 2877 commemorat
539 2825 569 2877 et
600 2820 657 2878 alio
691 2815 790 2896 looo‘)
825 2819 1026 2880 Antisthenen
1053 2819 1249 2879 Heracliteum
1281 2832 1299 2876 a

128 2917 233 2991 Cynico
257 2919 416 2992 distinguit.
460 2920 592 2993 Denique
608 2922 768 2981 Stoicorum
790 2923 910 2994 physica
930 2927 1098 2995 argumento
1113 2937 1175 2980 esse
1190 2921 1299 2993 nequit,

129 3036 191 3078 cum
219 3021 299 3078 nulla
329 3038 362 3080 re
384 3021 537 3093 probetur,
566 3023 677 3082 Stoicos
705 3040 723 3082 a
750 3023 863 3097 Cynicis
891 3024 969 3082 alind
997 3024 1153 3097 quidquam
1183 3027 1300 3097 praeter·

128 3121 250 3179 ethicam
279 3124 475 3195 assumpsisse.
505 3157 547 3167 —
577 3125 656 3196 Quae
687 3143 752 3184 cum
781 3126 823 3184 ita
843 3127 914 3196 sint,
943 3124 1039 3184 iacere
1060 3141 1118 3183 non
1140 3140 1298 3198 possumus,

128 3224 195 3294 quin
218 3222 474 3283 Schleiermacheri
502 3227 646 3284 sententia
671 3227 781 3300 rejecta
801 3233 974 3300 statuamus,
1001 3227 1082 3286 illum
1103 3227 1298 3286 Heracliteum

131 3439 334 3454 ——--—.-

195 3595 220 3660 1)
239 3590 381 3648 Commeat.
399 3593 432 3649 de
449 3594 525 3663 rehq.
544 3609 609 3650 com.
627 3595 684 3650 Att.
703 3595 786 3665 antiq.
805 3613 832 3665 p.
850 3599 884 3651 86
903 3612 942 3666 sq.

116 3695 522 3775 ,hammum

195 3797 221 3866 3)
240 3795 279 3851 Cf.
298 3797 470 3853 commentat.
488 3800 547 3867 ejus
565 3799 597 3854 de
614 3799 751 3856 Heraclito
768 3801 796 3855 in
812 3799 912 3857 Buttm.
930 3798 1001 3856 Mus.
1020 3799 1101 3871 antiq.
1125 3807 1144 3858 t.
1162 3800 1184 3858 1.
1200 3820 1229 3873 p.
1247 3803 1297 3858 1119

128 3884 153 3933 11
170 3881 284 3949 praefat.
303 3882 337 3937 ad
354 3882 423 3938 Plat.
442 3883 540 3951 Cratyl
558 3900 585 3952 p.
605 3888 645 3939 15.

193 3982 698 4052 Dffimmffimmmhl

192 4087 363 4154 DpMR

193 4187 219 4254 6)
236 4186 282 4255 Vl,
301 4191 341 4243 19.
366 4185 501 4259 γεγόνασι
518 4190 550 4244 δὲ
570 4193 616 4244 καὶ
638 4185 717 4244 ἄλλοι
731 4190 911 4253 Ἀντισθένεις
927 4199 1011 4268 τρεῖς·
1032 4191 1234 4270 ‘Hominum
1250 4189 1298 4263 ύς,

126 4271 215 4345 ἕτερος
229 4271 357 4344 Ἐφέσιος
375 4277 422 4327 καὶ
436 4271 545 4336 Ῥόδιός
561 4293 601 4337 τις
617 4273 761 4349 ἱστορικός.
