2866 4996
699 251 737 306 23

130 436 313 497 differebant.
358 437 398 495 Et
419 438 544 509 priorem
567 437 682 509 quidem
704 437 880 496 comoediam
902 437 1085 495 concedimus
1099 436 1251 496 Athenaeo
1272 437 1303 495 in

131 539 277 597 Aristonis
299 555 404 597 annum
427 538 483 613 (01.
507 541 564 610 89,
588 539 620 614 4)
643 539 795 610 incidisse,
824 556 917 611 neque
940 544 1035 597 tamen
1058 538 1088 596 in
1111 555 1146 597 ca
1168 538 1303 612 Autolyci

130 641 280 700 victoriam
308 640 423 699 irrisam
450 640 537 699 l'nisse
565 640 750 699 arbitramur.
798 641 833 698 Id
859 641 951 700 altera
978 640 1092 699 demum
1120 639 1234 700 fabulae
1256 657 1302 699 re·

130 743 264 803 censione
286 742 394 802 lactum
415 760 477 802 esse
499 741 623 808 videtm·,
646 759 719 814 ulnae
742 760 797 816 qno
820 748 949 816 tempore
971 742 1003 800 in
1024 758 1138 801 scenam
1160 743 1304 817 prodierit

130 844 296 904 Memehius
326 845 507 918 sagacissime
536 844 727 918 investigavit.
783 845 905 904 Versum
941 846 1017 905 enim
1052 845 1131 903 illum
1168 845 1303 918 Autolyci

130 946 300 1020 Eupolidei,
332 946 381 1019 qui
408 951 503 1005 exstat
530 947 560 1004 in
587 946 681 1005 Schol.
704 947 813 1006 Victor.
843 947 880 1006 ad
903 947 985 1006 lliad.
1008 948 1086 1021 apud
1115 947 1259 1020 Heynium
1281 953 1302 1005 t.

130 1049 180 1109 VI.
204 1066 232 1122 p.
256 1050 332 1107 646:

349 1162 417 1236 Ἤδη
438 1159 492 1241 γαρ
511 1162 679 1240 Ἀρίσταρχον
701 1167 887 1242 στρατηγοῦντ’
909 1163 1048 1242 ἄχθομαι,

129 1304 236 1378 optime
265 1304 309 1361 vir
333 1302 513 1362 doctissimus
542 1303 627 1361 alteri
649 1303 792 1376 Autolyco
818 1305 973 1378 adscripsit
997 1305 1122 1378 indeque
1144 1310 1223 1363 recte
1245 1304 1302 1362 col-

129 1407 214 1480 legit,
237 1406 338 1465 eodem
361 1422 425 1464 eum
447 1422 522 1463 anno
545 1405 660 1464 doctum
682 1422 759 1476 esse,
789 1422 845 1479 quo
868 1406 1069 1479 Aristarchum
1098 1425 1171 1465 uirus
1193 1423 1209 1464 e
1232 1422 1302 1478 qua·

131 1507 306 1581 driagentis‚
327 1508 375 1579 qui
397 1512 457 1565 turn
480 1507 699 1565 Atheniensium
722 1508 929 1580 rempublicam
952 1510 1099 1581 tenebant,
1121 1507 1303 1582 imperatoris

130 1608 501 1682 muncr·elungcbatu1·‚i.
525 1626 550 1667 e.
574 1609 618 1668 01.
644 1611 693 1680 92,
720 1613 745 1666 l.
770 1614 798 1668 2.
822 1609 955 1687 (411)¹).
1000 1611 1085 1670 Unde
1107 1610 1247 1681 efficitur,
1271 1615 1303 1667 ut

129 1713 278 1771 uictoriam
307 1710 457 1784 Autolyci,
491 1727 576 1783 quam
608 1712 729 1783 Eupolis
756 1713 787 1769 in
809 1713 901 1772 altera
923 1713 1089 1772 comoediae
1112 1729 1179 1771 suae
1201 1728 1301 1770 recen·

128 1816 207 1873 sione
234 1814 339 1885 irrisit,
381 1814 521 1886 simulque
551 1815 710 1872 convivium
737 1813 823 1886 illud,
860 1815 936 1886 qnod
963 1815 1126 1888 Xenophon
1154 1814 1301 1885 describit,

129 1917 166 1975 ad
188 1917 320 1989 proxima
342 1915 554 1987 Panathenaea,
577 1917 597 1973 i.
620 1933 646 1974 e.
674 1916 711 1975 ad
732 1915 776 1974 01.
803 1918 852 1986 91,
877 1918 894 1973 3
918 1915 1015 1992 (414),
1046 1914 1213 1975 referamus.
1257 1917 1302 1974 Eo

126 2018 216 2092 igitur
237 2023 367 2090 tempore
388 2016 576 2076 Antisthenes
589 2053 640 2070 .—
664 2034 720 2090 quo
742 2023 828 2076 natus
849 2023 911 2076 erat
933 2019 1054 2092 triginta
1074 2017 1135 2076 iere
1158 2035 1248 2077 annos
1263 2050 1299 2061 -

126 2122 157 2178 in
178 2119 403 2178 familiaritatem
425 2120 552 2177 Socratis
573 2126 708 2194 receptus
730 2126 802 2192 erat,
825 2120 854 2177 in
877 2137 963 2192 quam
984 2137 1048 2179 eum
1070 2137 1128 2179 non
1150 2121 1191 2180 ita
1213 2121 1303 2179 multo

126 2222 328 2281 antevenisse
350 2220 503 2279 admodum
526 2223 586 2279 veri
608 2222 700 2282 simile
722 2227 779 2295 est,
812 2223 854 2281 ita
875 2228 908 2281 ut
928 2222 1070 2296 sophistas
1091 2240 1144 2297 per
1164 2222 1302 2282 tredecim

126 2322 188 2383 fere
222 2339 312 2382 annos
345 2323 497 2396 magistros
527 2323 677 2395 habuisse,
713 2309 839 2384 Socratis
864 2324 1016 2397 discipHna
1050 2326 1212 2397 quindecim
1238 2324 1299 2383 iere

127 2441 217 2484 annos
239 2441 329 2497 usqne
352 2424 389 2482 ad
411 2431 532 2483 mortem
555 2426 617 2498 ejus
640 2425 696 2501 (01.
721 2429 771 2498 95,
797 2431 828 2497 1;
854 2426 928 2503 399)
951 2443 1019 2485 usus
1042 2444 1104 2486 esse
1126 2427 1269 2486 videatur.

212 2527 274 2599 Quo
303 2533 399 2585 autem
426 2542 501 2585 anno
529 2527 717 2586 Antisthenes
744 2529 806 2602 ipse
830 2535 960 2588 mortuus
988 2528 1040 2599 sit,
1071 2545 1128 2586 non
1158 2529 1248 2602 magis
1270 2528 1301 2586 id

129 2629 245 2703 quidem
268 2629 448 2701 exploratum
476 2628 628 2701 habemns,
666 2635 793 2689 attamen
821 2648 857 2689 ex
883 2631 955 2689 locis
991 2630 1136 2688 nonnullis
1173 2636 1302 2689 veterum

127 2731 298 2804 scriptorum
321 2731 515 2804 conjecturam
537 2730 632 2790 iacere
647 2733 715 2791 licet
730 2734 799 2791 satis
821 2733 1009 2806 probabilem.
1036 2733 1155 2806 Pugnae
1170 2733 1302 2791 Leuctri-

127 2850 177 2892 cae
198 2838 327 2906 tempore
350 2831 546 2908 (01.102,2;
571 2835 644 2908 371)
666 2850 731 2893 eum
753 2836 783 2894 iu
805 2837 866 2895 vita
887 2835 984 2908 fuisse,
1008 2835 1182 2894 Plutarchus
1201 2839 1302 2893 auctor

127 2934 222 3012 est²),
251 2936 300 3009 qui
328 2933 545 3005 Antisthenem,
581 2952 644 2994 cum
672 2938 826 2997 Thebanos
855 2938 977 2998 victoria
1004 2939 1157 2997 Leuctrica
1185 2936 1301 2995 inflatos

127 3037 260 3110 vidisset,
284 3036 390 3097 dixisse
413 3042 522 3108 narrat,
545 3037 610 3095 ihos
633 3038 705 3096 nihil
727 3038 844 3098 differre
867 3058 884 3098 a
905 3040 1035 3113 puerulis
1057 3039 1300 3113 superbientibus,

127 3139 204 3212 quod
225 3138 422 3212 paedagogum
444 3140 656 3198 verberassent.
701 3141 823 3200 Accedit
843 3141 965 3199 Diodori
990 3141 1078 3200 Siculi
1100 3140 1226 3216 locns³)‚
1250 3139 1299 3199 ubi

127 3241 203 3299 inter
229 3240 359 3299 homines
386 3241 523 3299 memoria
552 3241 667 3314 dignos,
697 3242 746 3314 qui
767 3241 811 3300 Ol.
837 3245 912 3314 103,
944 3246 962 3300 3
986 3242 1073 3319 (366)
1101 3241 1299 3316 Cephisodoro

126 3341 263 3400 archonte
292 3343 430 3413 vixerint,
460 3349 699 3401 commemoratur
726 3342 813 3401 ctiam
840 3343 1037 3402 Antisthenes
1086 3344 1219 3416 Denique
1241 3343 1301 3402 Eu·

197 3612 221 3679 u
239 3609 358 3679 nnueyn.
378 3609 451 3679 vni,
469 3613 510 3664 oo.
529 3611 569 3663 oa.
589 3611 630 3664 os.

195 3717 220 3782 2)
238 3712 291 3767 Vis
318 3712 433 3782 Lycurg.
461 3730 483 3766 c.
511 3715 552 3766 30.
591 3711 763 3778 Ἀντισθένης
794 3711 826 3765 δὲ
859 3708 873 3764 ὁ
907 3709 1084 3784 Σωκρατικὸς
1115 3707 1171 3765 ἀπὸ
1199 3712 1244 3777 τῆς
1270 3711 1301 3767 ἐν

126 3795 278 3870 Λεύκτροις
294 3794 385 3869 μάχης
408 3796 484 3872 ὁρῶν
504 3795 565 3858 τοὺς
585 3801 719 3867 Θηβαίους
741 3800 815 3869 μέγα
833 3801 1005 3870 φρονοῦντας
1024 3795 1106 3853 οὐδὲν
1129 3793 1227 3856 αὐτοὺς
1244 3795 1300 3866 ἔφη

127 3882 273 3956 διαφέρειν
290 3883 451 3958 παιδαρίων
468 3884 515 3936 ἐπὶ
534 3885 569 3952 τῷ
588 3879 732 3953 συγκόψαι
750 3880 799 3939 τὸν
817 3881 999 3955 παιδαγωγὸν
1015 3878 1203 3955 γαυριῶντων.
1222 3912 1254 3921 -

194 3985 220 4054 3)
237 3985 301 4053 XV,
328 3988 368 4039 76.
399 3983 524 4056 ὑπῆρξαν
550 3982 619 4037 κατὰ
644 3981 751 4044 τούτους
777 3983 838 4045 τοὺς
859 3982 981 4057 χρόνους
1012 3986 1039 4054 (i.
1069 4002 1091 4040 e.
1120 3984 1299 4055 cephisodoro

126 4070 263 4139 archonte)
286 4065 385 4143 ἄνδρες
408 4065 478 4132 ἄξιοι
498 4067 608 4142 μνήμης
619 4066 772 4142 Ἰσοκράτης
797 4090 824 4125 τε
848 4069 862 4126 ὁ
887 4067 975 4145 ῥητωρ
997 4101 1031 4110 -
1055 4074 1102 4124 καὶ
1121 4070 1300 4143 Ἀριστοτέλης

126 4152 314 4226 testaceum
339 4186 373 4195 —
396 4152 573 4226 Ἀρίστιππός
598 4174 625 4209 τε
652 4159 699 4208 καὶ
724 4154 954 4224 Ἀντισθένης.
980 4187 1014 4196 -
1047 4157 1080 4211 cf.
1106 4156 1218 4211 Clinton.
1236 4156 1298 4210 fast.

125 4239 195 4295 nell.
213 4241 255 4309 Il,
276 4243 332 4295 129.
