2866 4996
687 285 782 376 31-

118 467 255 549 prirev¹)‚
277 475 307 530 et
328 471 434 530 celebri
456 471 520 529 illo:
545 467 593 528 oia
615 470 683 528 iure
705 466 915 547 indiyev‘t’)
960 472 1018 531 Sed
1040 478 1073 530 ut
1093 472 1291 544 concedamus,

120 589 183 632 csse
205 572 331 645 aliquam
352 573 568 633 similitudinem
588 575 665 633 inter
686 575 775 634 verba
796 576 847 634 illa
859 575 958 649 Ajaeis
979 580 1010 632 et
1023 573 1206 634 Antisthenis
1228 590 1292 634 sen·

119 675 239 748 tentius,
279 682 375 734 tamen
409 676 507 749 inepta
540 677 630 748 ratio,
668 693 725 751 qua
751 693 803 736 eae
836 677 904 736 huic
934 676 998 736 loco
1031 677 1212 748 inseruntur,
1247 675 1293 735 vel

119 779 241 836 maxime
267 777 421 836 imitatoris
453 779 573 852 ahardus
607 779 779 839 industriam
809 780 934 853 prodere
960 778 1085 839 videtur.
1145 776 1292 837 Wiuclrel·

120 897 241 939 mannus
263 896 376 954 quoquc
399 887 539 955 „propter
554 882 670 941 Prodici
692 889 721 941 et
736 882 861 954 Gorgiae
883 882 1073 941 imitationem
1095 896 1126 938 se
1149 880 1201 938 has
1221 879 1292 938 duas

121 982 341 1042 declamationes
363 983 502 1055 genuinas
523 984 651 1044 hahere“
674 984 842 1058 profitetur3
865 990 1001 1057 attamen,
1026 982 1130 1056 quibus
1151 983 1182 1040 in
1203 981 1290 1040 rebus

118 1090 286 1144 cerneretur
306 1101 342 1143 ea
362 1085 499 1158 imitatio,
526 1103 584 1144 non
607 1085 784 1164 exposuit.³)
833 1087 877 1146 Ac
898 1102 1071 1160 quamquam
1099 1082 1177 1143 haud
1204 1100 1292 1157 nega·

118 1205 193 1260 mus,
228 1188 322 1245 inesse
354 1187 385 1245 in
413 1188 470 1245 illis
504 1187 610 1262 figuras
640 1190 778 1262 quasdam
812 1189 951 1248 orationis
983 1205 1001 1247 a
1028 1187 1137 1260 Gorgia
1169 1188 1291 1246 maxime

118 1295 286 1362 usurpatas,
316 1289 395 1348 velut
416 1290 590 1364 antitheses,
617 1293 701 1365 paria
721 1292 840 1365 paribus
862 1291 1012 1363 adjumcta,
1035 1289 1291 1362 agnominationes,

117 1397 214 1450 mmen
243 1396 381 1463 quantum
408 1392 546 1452 abhorret
573 1410 673 1452 earum
697 1394 834 1467 jejunitas
861 1399 948 1466 atque
977 1393 1093 1452 exilitas
1120 1408 1138 1450 a
1165 1391 1290 1464 Gorgiae

116 1508 221 1565 genere
250 1493 365 1552 dicendi
392 1495 524 1553 omnibus
550 1495 706 1556 luminibus
734 1496 878 1554 illustrato
902 1511 936 1554 ac
956 1511 1049 1569 paene
1070 1494 1290 1567 dithyrambico.

118 1595 220 1667 Neque
242 1611 278 1653 cx
300 1611 354 1654 usu
376 1595 533 1668 figurarum
555 1597 670 1656 illarum
692 1599 764 1657 certi
786 1596 942 1671 quidquam
965 1597 1100 1670 colligere
1122 1596 1205 1668 licet,
1227 1612 1291 1654 cum

117 1698 250 1756 omnibus
277 1714 329 1757 eae
357 1698 523 1757 rhetoribus
550 1705 580 1757 et
606 1701 742 1773 sophistis
764 1716 927 1759 communes
948 1697 1066 1758 fuerint.
1111 1698 1290 1770 Omninoque

117 1799 287 1873 perdifficile
310 1807 370 1873 cst,
393 1801 467 1860 sitne
489 1818 656 1874 germanum
678 1803 815 1876 scriptum
837 1801 956 1875 aliquod
976 1818 1080 1873 necne,
1102 1801 1163 1859 solo
1185 1816 1291 1873 genere

116 1902 231 1961 dicendi
257 1903 433 1976 diiudicare,
466 1905 637 1976 pracsertim
670 1906 694 1963 si
722 1911 782 1964 tam
809 1904 930 1977 exiguae
960 1909 1116 1977 supersunt
1141 1903 1291 1976 scriptoris

115 2005 265 2086 reliquiae.

201 2107 309 2180 Quodsi
331 2108 376 2167 his
397 2109 572 2183 argumentis
601 2109 669 2168 illac
691 2109 914 2170 declamationes
936 2108 1052 2167 minime
1074 2106 1289 2178 confirmantur,

117 2226 153 2267 ne
175 2209 313 2281 Diogenis
335 2211 453 2285 quidem
480 2211 591 2270 Laertii
619 2213 815 2271 testimonium
842 2213 1034 2286 suspicionem
1055 2211 1092 2269 ab
1115 2211 1152 2268 iis
1172 2209 1290 2284 propul-

116 2311 201 2370 sabit.
244 2313 311 2371 Non
338 2313 431 2386 probo
453 2313 587 2386 equidem
608 2315 773 2387 opinionem
795 2313 923 2390 Fossii⁴)
953 2314 1128 2385 dubitantis,
1157 2314 1289 2385 „istasnc

117 2413 339 2472 declamationes
368 2414 574 2488 significaverit
602 2416 761 2489 Diogenes,
792 2432 830 2475 an
857 2393 1003 2475 obversati
1030 2416 1127 2489 potius
1149 2417 1207 2474 sint
1228 2416 1289 2487 ejus

116 2517 211 2574 animo
232 2516 380 2575 Homerici
403 2515 509 2591 dialogi
531 2519 568 2578 ab
590 2518 763 2577 Antisthene
786 2519 967 2592 compositi.“
996 2519 1070 2577 Nam
1093 2533 1191 2576 omnes
1212 2516 1289 2587 libri,

117 2635 188 2691 quos
216 2624 367 2678 enumerat
393 2620 423 2677 in
450 2621 543 2694 primo
571 2627 649 2680 tomo
677 2621 849 2694 scriptorum
876 2620 1147 2692 Antistheneorum,
1175 2619 1289 2692 generis

116 2727 183 2780 sunt
211 2721 364 2795 rhetorici,
400 2729 430 2782 et
456 2729 574 2797 praeter
599 2723 698 2796 Aiacis
733 2729 763 2782 et
789 2723 884 2783 Ulixis
911 2724 1058 2782 orationes
1087 2725 1290 2782 commemorat

116 2824 203 2882 ctiam
225 2823 344 2883 Orestae
372 2823 580 2898 defensionem,
610 2842 684 2898 quae
712 2827 774 2885 sine
802 2825 890 2885 dubio
917 2843 952 2885 ex
982 2825 1083 2885 eodem
1105 2823 1288 2884 declamatio-

116 2944 184 2985 num
206 2944 312 3000 genere
334 2934 411 2998 crat;
442 2928 598 2987 Homerica
625 2933 721 2986 aulem
748 2928 779 2986 in
801 2934 902 2987 octavo
925 2927 1040 2986 demum
1061 2932 1091 2986 ot
1112 2941 1187 2985 nono
1210 2930 1287 2983 tomo

115 3030 277 3088 exstabant.
326 3029 428 3102 Itaque
455 3030 637 3089 concedimus
666 3029 782 3103 quidem
805 3031 865 3103 jam
892 3030 1051 3103 Diogenem
1072 3029 1222 3090 Laertium
1243 3026 1290 3086 vcl

116 3132 211 3204 potius
233 3148 315 3202 eum,
345 3131 393 3203 qui
422 3132 530 3205 scripta
551 3132 734 3191 Antisthenis
761 3133 913 3193 indecem
940 3139 1033 3192 tomos
1056 3132 1187 3205 digessit,
1210 3131 1288 3203 ipsas

114 3234 180 3300 illas
202 3232 423 3295 declamationes
445 3234 553 3308 Cynico
582 3240 682 3293 nostro
710 3234 891 3308 attribuissc3
926 3235 977 3293 sed
1005 3253 1069 3294 cum
1090 3235 1168 3294 inter
1189 3248 1288 3291 omnes

115 3340 241 3408 constet,
265 3353 350 3410 quam
372 3343 483 3397 temere
505 3338 637 3410 plerique
659 3343 789 3396 veterum
812 3339 985 3410 scriptorum
1007 3336 1177 3396 subditicios
1198 3334 1288 3394 libros

114 3454 168 3510 pro
190 3439 265 3497 veris
287 3439 459 3511 habuerint,
482 3439 559 3498 haud
581 3440 677 3512 magni
699 3439 836 3497 momenti
858 3438 888 3497 id
911 3455 973 3497 esse
996 3454 1152 3498 censemus.
1189 3436 1288 3496 Facile

113 3541 199 3598 etiam
227 3539 290 3598 deri
317 3543 425 3613 potuit,
460 3547 492 3600 ut
518 3541 707 3600 Antisthenes
733 3541 857 3614 cynicus
889 3538 1115 3599 confunderetur
1139 3556 1204 3599 cum
1231 3539 1288 3597 alio

113 3641 301 3713 Antisthene,
324 3641 447 3702 fortasse
469 3661 527 3702 uno
549 3659 584 3702 ex
606 3645 656 3715 iis,
681 3659 752 3716 quos
773 3641 849 3702 infra
871 3642 1115 3713 enumerabimus,
1145 3642 1287 3713 hujusque

113 3744 250 3816 opuscula
271 3746 347 3804 inter
368 3746 446 3805 illius
467 3746 557 3805 libros
579 3748 843 3820 interponerentur.

117 3865 319 3875 ---.—-..

183 3932 207 3999 1)
225 3931 302 4001 Diog.
321 3932 352 3987 L.
372 3933 416 4002 vl,
438 3937 478 3987 ll.

181 4019 207 4084 a)
225 4019 336 4072 Ansot
354 4019 475 4087 Metaph.
494 4019 541 4088 lv,
560 4022 593 4073 oo
611 4038 637 4089 p.
658 4021 750 4086 roasa,
770 4022 811 4072 aa.

181 4106 207 4173 3)
225 4121 251 4172 p.
270 4107 312 4158 40.
332 4104 452 4157 Indicam
470 4105 581 4174 ridetur,
600 4122 629 4159 se
647 4108 675 4159 in
692 4103 883 4174 distinguendis
901 4103 1038 4158 vocabulis
1056 4098 1248 4167 deauracionem
1261 4107 1289 4156 et

112 4187 285 4252 διαδοξάζειν
302 4191 442 4257 vestigium
461 4192 527 4245 artis
546 4190 685 4246 Prodiciae
703 4192 828 4259 reperire.

179 4276 204 4345 4)
223 4275 263 4329 De
282 4276 361 4343 Gorg.
379 4292 406 4344 p.
426 4278 468 4329 94.
