2866 4996
716 243 754 303 36

233 430 264 506 6)
293 425 377 505 uode·
404 424 460 488 cdv
485 426 706 505 Ἰσοκράτους
729 430 942 506 Ἀμάρτυρον.
1000 431 1106 490 Exstat
1140 430 1217 490 enim
1251 431 1331 489 inter

146 532 283 592 isocratis
303 534 448 593 orationes
470 551 528 593 una
551 533 626 611 (21),
651 551 724 608 quac
747 535 916 593 inscribitur
938 528 1013 608 dee
1038 526 1180 590 τιίθθιυιυ
1202 528 1329 607 Ἀμάρτυ-

147 634 235 712 ρος’).
272 636 382 695 Contra
403 653 466 695 eam
488 636 577 710 igitur
589 636 778 696 Antisthenes
799 637 930 695 libellum
946 636 1095 710 scripsisse
1119 637 1328 696 existimandus

146 743 201 795 est.
245 739 325 811 Quae
353 741 451 812 opinio
479 740 537 798 alia
564 755 678 812 quoque
707 756 739 798 re
769 737 965 797 confirmatur.
1015 740 1086 798 Cum
1115 742 1192 798 enim
1218 740 1248 797 in
1276 740 1330 798 illa

147 856 234 899 causa
259 841 390 915 litigetur
418 842 454 901 de
482 843 605 915 pecunia
626 842 759 916 deposita
787 836 1046 918 (παρακαταθήκη),
1075 842 1229 901 admodum
1251 844 1328 902 veri-

146 943 238 1001 simile
261 950 306 1002 est
335 946 493 1004 leocratem
519 944 557 1002 ad
584 944 767 1003 Antisthenis
802 944 998 1004 cavillationes
1027 950 1173 1018 spectasse
1195 946 1327 1019 Panegy-

146 1046 200 1104 riei
227 1046 290 1105 loco
320 1046 350 1123 (ξ
380 1047 447 1123 88),
474 1047 524 1105 ubi
552 1047 623 1106 haec
650 1052 717 1106 sunit
744 1049 805 1121 ejus
833 1047 936 1105 verba:
968 1076 1010 1090 —-
1037 1043 1098 1111 wie
1120 1048 1148 1103 δὲ
1170 1051 1219 1104 τῶν
1241 1046 1327 1123 λόγων

146 1148 384 1222 ἀμφισβητοῦντας
397 1150 470 1223 (χρὴ)
484 1150 553 1224 πρὸς
568 1153 623 1224 μὲν
639 1151 688 1221 τὴν
705 1147 1009 1225 παρακαταθήκην
1023 1156 1069 1206 καὶ
1084 1158 1147 1227 περὶ
1165 1158 1221 1210 τῶν
1234 1149 1327 1211 ι’ίλλωυ

147 1241 187 1309 ὧν
212 1257 265 1310 νῦν
296 1257 453 1326 φλυαροῦσι
484 1252 626 1309 παύεσθαι
658 1252 834 1327 γράφοντας,
870 1256 941 1327 πρὸς
975 1258 1006 1312 δὲ
1038 1260 1137 1314 τοῦτον
1165 1255 1214 1312 τὸν
1239 1254 1327 1327 λόγον

145 1361 288 1410 ποιεῖσθαι
310 1355 359 1424 τὴν
382 1354 503 1428 ἅμιλλαν
525 1361 572 1410 καὶ
595 1364 710 1414 σκοπεῖν
733 1357 809 1417 ὅπως
831 1353 948 1430 ι’ίμεινον
971 1361 1041 1430 ἐμοῦ
1065 1365 1129 1433 περὶ
1153 1363 1209 1414 τῶν
1233 1357 1326 1415 αὐτῶν

146 1454 318 1530 πραγμάτων
341 1459 468 1530 ἐροῦσιν,
493 1459 720 1532 ἐνθυμουμένους
743 1459 784 1514 ὅτι
811 1466 867 1520 τοῖς
889 1458 999 1533 μεγάλα
1027 1460 1264 1534 ὑπισχνουμένοις
1291 1459 1324 1514 οὐ

147 1565 248 1634 πρέπει
271 1563 334 1634 περὶ
356 1560 443 1635 μικρὰ
466 1562 617 1634 διατρίβειν
639 1565 693 1616 κτλ.

607 1806 861 1816 -ι--η--η-

476 2044 530 2129 Π.
564 2045 731 2156 Scripta
762 2047 996 2131 dialectica.

159 2352 163 2360 .
233 2283 397 2356 Implebant
418 2288 527 2342 tomum
549 2284 599 2342 VI.
624 2291 654 2342 et
674 2291 789 2358 partem
810 2285 880 2344 tomi
902 2285 966 2343 VH.

159 2448 162 2455 ,
236 2385 267 2461 7)
287 2381 458 2452 Ἀλήθεια.
507 2387 592 2445 Hunc
618 2386 725 2445 librum
753 2386 896 2446 dialectici
925 2387 1038 2460 generis
1066 2386 1154 2445 fuisse
1183 2386 1251 2445 inde
1272 2404 1324 2460 pa-

148 2495 205 2563 tet,
234 2489 312 2562 quod
334 2489 430 2547 omnia
451 2490 522 2547 tomi
543 2490 592 2548 VI.
615 2490 723 2563 scripta
749 2489 786 2547 ad
812 2490 889 2548 idem
911 2487 1067 2563 pertinent.
1108 2490 1200 2570 ‘Erat
1228 2495 1325 2547 autem

146 2593 177 2651 in
200 2607 318 2651 numero
347 2608 460 2662 eorum,
497 2592 546 2663 qui
573 2592 695 2650 maxime
723 2591 899 2651 rhetoricum
934 2592 979 2650 vel
1006 2591 1183 2664 Gorgianum
1210 2590 1325 2650 dicendi

147 2711 236 2768 genus
258 2692 457 2766 exprimebant
465 2691 500 2767 ²).
545 2694 610 2751 Jam
632 2695 694 2767 ipse
715 2694 817 2752 titulus
844 2694 1011 2752 memoriam
1033 2694 1116 2752 nobis
1139 2692 1225 2751 affert
1245 2692 1325 2751 illius

146 2796 215 2855 libri
242 2795 413 2866 Protagorci
442 2790 611 2874 (Ἀλήθεια),
649 2813 706 2868 quo
743 2796 872 2868 sophista
902 2795 937 2854 de
972 2812 1070 2854 rerum
1096 2800 1201 2854 natura
1231 2800 1260 2853 et
1288 2793 1325 2852 de

148 2898 285 2958 scientiae
319 2897 461 2956 humanae
488 2898 601 2956 ratione
630 2895 849 2972 exposuerat).
913 2896 955 2956 Ut
981 2913 1050 2956 vero
1082 2897 1258 2970 Protagoras
1289 2912 1325 2954 ex

148 2999 272 3059 decretis
304 2998 460 3074 Heracliti,
499 3001 548 3076 qui
583 3001 679 3058 omnia
710 3000 891 3058 continenter
927 2998 987 3056 labi
1022 3004 1052 3057 et
1078 2997 1167 3058 fluere
1198 2997 1323 3068 volebat,

147 3101 256 3172 omnia,
287 3105 374 3173 prout
400 3101 450 3158 uni
477 3102 580 3175 cuique
608 3101 720 3174 singula
748 3101 931 3171 viderentur,
961 3105 991 3158 et
1018 3117 1080 3158 esse
1108 3105 1138 3158 et
1165 3116 1223 3158 non
1246 3116 1324 3159 essse

147 3203 316 3281 collegerat,
348 3218 384 3260 ex
412 3219 504 3276 coque
532 3220 620 3277 porro
650 3204 845 3274 concluserat,
875 3202 948 3260 nulli
975 3203 1136 3262 sententiae
1165 3201 1326 3260 contradici

146 3322 241 3378 posse,
263 3304 305 3362 ita
318 3304 508 3364 Antisthenes
530 3306 768 3380 philosophorum
790 3305 988 3364 Eleaticorum
1005 3303 1041 3362 de
1062 3305 1174 3363 unitate
1197 3303 1325 3362 omnium

147 3424 246 3467 rerum
268 3408 412 3475 sententia
438 3407 573 3467 inductus
596 3415 625 3468 ct
652 3407 774 3467 fortasse
798 3406 922 3480 Gorgiae
950 3412 1064 3465 secutus
1085 3407 1288 3465 auctoritatem
1297 3402 1324 3481 ⁴)

148 3510 276 3585 ejusdem
298 3510 397 3582 placiti
418 3511 530 3569 exstitit
550 3516 699 3584 patronus.
744 3510 863 3568 Censuit
884 3509 961 3566 enim
982 3525 1062 3567 suam
1077 3509 1180 3580 cuique
1201 3509 1245 3567 rei
1261 3524 1325 3566 esse

146 3613 369 3686 proprietatem,
392 3612 434 3670 ita
455 3618 488 3670 ut
509 3628 622 3685 semper
644 3627 702 3670 una
724 3612 882 3684 eademque
904 3616 1036 3671 maneret
1056 3627 1151 3684 neque
1173 3627 1238 3669 cum
1260 3609 1325 3668 aliis

146 3714 235 3773 ullam
267 3714 356 3773 iniret
389 3715 565 3773 societatem.
624 3714 725 3786 Itaque
759 3713 853 3771 eidem
887 3714 930 3772 rei
968 3714 1053 3787 plura
1087 3710 1208 3772 attribui
1238 3728 1325 3786 posse

216 3898 241 3966 1)
258 3898 288 3952 Id
305 3912 367 3951 vero
386 3893 518 3963 significat
536 3895 592 3949 sine
609 3894 724 3948 testibus
743 3910 851 3948 causam
870 3895 921 3963 agi.

215 3982 335 4051 albing.
358 3983 410 4051 VI,
427 3981 458 4036 L.
479 3986 501 4036 l.
528 3979 595 4037 ὅθεν
613 3979 642 4034 τὸ
661 3978 806 4054 ῥητορικὸν
824 3981 896 4040 εἶδος
913 3981 944 4036 ἓν
961 3985 1017 4038 τοῖς
1035 3975 1179 4050 διαλόγοις
1197 3979 1323 4051 ἐπιφέρει

148 4072 195 4123 καὶ
212 4065 333 4141 μάλιστα
351 4067 382 4122 ἐν
399 4070 431 4139 τῇ
446 4065 576 4134 Ἀληθείᾳ
595 4068 641 4118 καὶ
659 4072 715 4124 τοῖς
731 4072 953 4139 Προτρεπτικοῖς.

216 4155 241 4224 3)
261 4154 299 4209 cf.
318 4154 396 4222 Frcy.
416 4152 523 4219 Quaest.
542 4151 649 4219 Protag.
667 4168 693 4220 p.
713 4153 828 4221 78—96;
848 4154 898 4205 176
915 4167 954 4220 sq.

215 4241 241 4310 4)
260 4239 298 4293 Cl.
317 4237 413 4293 Zeller.
431 4239 452 4307 I,
471 4240 529 4292 764.
