2866 4996
692 282 730 337 52

124 468 219 530 schol.
247 468 350 527 Venet.
383 467 421 525 ad
454 467 538 527 Iliad.
560 465 592 542 λ’,
623 471 683 528 637
721 468 828 527 nullius
865 467 1002 528 momenti
1039 473 1098 539 est3
1136 485 1191 528 nec
1230 469 1302 527 satis

123 574 223 646 liquet,
246 571 317 645 quid
339 570 394 629 sibi
416 570 486 629 velit
507 571 601 630 Schol.
624 571 704 644 Lips.
728 571 765 630 ad
786 570 870 630 Iliad.
894 559 925 649 o',
951 571 1020 642 123,
1043 569 1093 629 ubi
1115 569 1302 630 Antisthenis

125 675 247 747 dictum,
270 669 314 749 ὥς,
336 675 403 728 εἴτι
425 671 534 747 πράττει
556 669 571 730 ὁ
594 671 688 749 σοφός,
710 667 779 729 nuru
802 652 999 746 πᾶσαν-ἀρετήν
1013 676 1115 747 ἐνεργεῖ,
1136 672 1175 731 ad
1189 673 1302 733 Miner·

123 794 188 836 vam
207 777 314 849 triplici
336 776 421 834 modo
436 776 562 836 Martem
576 794 594 836 a
608 795 705 853 pugna
726 777 928 837 dehortantem
939 775 1123 836 transfertur.
1167 776 1302 848 Denique

126 880 219 939 Schol.
235 878 338 937 Venet.
360 878 398 936 ad
419 879 453 937 11.
477 876 515 951 ψ’,
539 881 578 938 65
598 881 657 954 jam
680 895 769 953 supra
789 878 829 954 (p.
843 878 896 955 40)
916 879 1001 951 libro,
1025 879 1074 952 qui
1088 877 1304 937 inscribebatur

125 981 183 1055 περὶ
205 983 255 1037 τῶν
276 985 302 1037 ἐν
324 976 402 1057 ᾅδου,
425 981 619 1041 attribuimus.

210 1084 266 1142 His
295 1085 462 1157 praemissis
490 1083 602 1155 singula
630 1083 701 1143 tomi
722 1083 800 1142 VIII.
825 1089 855 1143 et
875 1084 927 1143 IX.
951 1083 1059 1156 scripta
1080 1083 1300 1156 perlustremus.

126 1190 215 1248 Recte
237 1191 333 1245 autem
352 1186 412 1258 jam
434 1183 599 1260 0sannus¹)
622 1187 784 1259 perspexit,
812 1187 842 1245 in
864 1202 965 1245 eorum
986 1185 1190 1245 distributione
1212 1186 1303 1247 ratio·

126 1307 192 1349 nem
219 1287 364 1362 quandam
392 1293 479 1360 atque
508 1287 639 1346 ordinem
667 1289 761 1361 cerni,
789 1289 833 1347 ita
854 1293 887 1346 ut
907 1289 1005 1361 priore
1027 1294 1104 1348 tomo
1127 1303 1162 1347 ea
1184 1288 1302 1361 scripta,

128 1408 201 1465 quae
223 1391 261 1449 ad
283 1395 376 1448 totum
398 1389 453 1448 hoc
474 1390 723 1461 interpretationis
745 1407 836 1464 genus
857 1391 1051 1464 pertinerent,
1080 1391 1159 1449 velut
1181 1388 1217 1448 de
1240 1393 1304 1447 arte

127 1495 235 1553 musica
256 1492 302 1551 vel
323 1492 446 1564 portica,
469 1491 505 1549 de
527 1491 735 1564 interpretibus
756 1498 871 1566 poetae,
894 1494 929 1552 de
951 1494 1079 1552 Homero
1100 1492 1173 1565 ipso,
1197 1490 1302 1550 deinde

127 1613 162 1657 ea
182 1595 411 1665 continerentur,
435 1610 508 1667 quae
530 1593 569 1652 ad
589 1594 710 1653 Hiadem
732 1600 915 1668 spectarent,
939 1596 1031 1653 altero
1054 1611 1098 1666 ea,
1122 1609 1196 1666 quae
1210 1592 1303 1666 Odys·

127 1715 193 1758 seae
215 1697 293 1755 locos
321 1699 491 1754 tractarent.
536 1695 700 1756 Exstabant
722 1698 797 1756 enim
819 1699 850 1756 in
872 1703 973 1758 octavo
996 1702 1073 1756 tomo
1096 1695 1215 1754 haecce:

213 1798 266 1874 47)
289 1795 360 1870 περὶ
380 1796 601 1874 μουσικῆς)

213 1901 266 1978 48)
295 1900 369 1974 περὶ
395 1893 570 1973 ἐξηγητῶν.
620 1901 686 1961 Hoc
712 1902 788 1962 libro
818 1906 1042 1961 consentaneum
1070 1906 1115 1962 est
1141 1917 1206 1961 eum
1235 1901 1305 1959 elle·

127 2007 254 2080 gomcam
286 2003 497 2076 interpretandi
530 2003 673 2063 rationem
702 2004 916 2064 commendasse
945 2020 981 2063 ex
1009 2021 1101 2078 eoque
1128 2009 1180 2062 ant
1206 2020 1243 2063 ex
1270 2019 1305 2063 eo

129 2109 178 2182 qui
197 2107 329 2180 sequitur
352 2110 495 2178 sumptum
518 2121 581 2164 esse
604 2107 682 2178 quod
696 2105 753 2166 Dio
766 2107 987 2180 chrysostomus
1008 2107 1027 2165 l.
1048 2105 1069 2164 1.
1092 2111 1305 2165 commemorat.

212 2207 266 2285 49)
288 2206 365 2281 περὶ
386 2202 536 2282 Ὁμήρου.

216 2310 269 2387 50)
291 2309 366 2383 περὶ
395 2305 538 2376 ἀδικίας
559 2309 615 2365 καὶ
638 2303 805 2383 ἀσεβείας.
848 2311 947 2371 Prima
968 2315 1013 2370 est
1034 2309 1306 2370 commentationum

129 2414 166 2473 ad
187 2413 306 2472 Iliadem
336 2415 542 2487 spectantium
569 2414 724 2476 referenda
753 2417 829 2474 enim
856 2414 971 2474 videtur
995 2412 1033 2472 ad
1054 2412 1123 2471 libri
1144 2413 1231 2486 primi
1252 2412 1307 2471 ini-

130 2517 219 2589 tium,
245 2515 296 2575 ubi
317 2516 495 2588 Agamemno
518 2517 648 2591 Chrysen
676 2517 765 2576 filiam
791 2517 1009 2589 redempturum
1031 2515 1119 2588 impie
1140 2514 1257 2588 repellit
1279 2519 1308 2574 et

131 2618 238 2677 Achilli
260 2617 422 2678 Briseidem
444 2618 552 2692 injuste
575 2619 671 2693 eripit.

216 2719 269 2797 51)
296 2720 372 2792 περὶ
393 2717 604 2789 Κάλχαντος.
649 2720 697 2779 Ab
720 2720 821 2780 eodem
850 2719 927 2791 loco,
960 2723 994 2777 ut
1014 2718 1132 2790 opinor,
1163 2716 1211 2775 hic
1232 2717 1308 2776 liber

130 2822 278 2895 profectus
299 2828 352 2882 est.
1173 2809 1176 2816 ’

218 2925 270 3002 52)
292 2925 367 2993 περὶ
387 2924 621 2983 κατασκόπου.
658 2925 762 2984 Statim
774 2923 971 2995 unusquisque
986 2920 1187 2985 recordabitur
1201 2919 1308 2981 librum

129 3027 167 3086 X.
190 3026 290 3086 Iliadis
312 3033 342 3086 et
354 3029 573 3100 ,speculatorem
594 3027 675 3086 illum
696 3025 840 3098 intelliget
861 3024 1010 3083 Dolonem.

218 3128 270 3205 53)
299 3130 374 3201 περὶ
400 3126 530 3198 ἡδονῆς.
575 3130 631 3188 Hic
658 3129 759 3187 titulus
787 3143 873 3200 quam
900 3126 1011 3185 alienus
1039 3125 1078 3184 sit
1098 3125 1135 3184 ab
1158 3124 1213 3183 hoo
1234 3125 1308 3196 loeo,

132 3231 196 3304 quis
226 3238 271 3291 est
298 3233 367 3305 quin
394 3233 513 3292 videat?
546 3234 649 3305 Itaque
670 3232 766 3304 placet
786 3228 894 3289 Osanni
916 3228 1095 3288 emendatio:
1123 3226 1181 3302 περὶ
1202 3220 1307 3296 Ἑλένης.

132 3335 235 3407 Neque
267 3339 364 3393 tamen
392 3335 576 3408 probaverim
609 3335 687 3408 quod
719 3332 801 3391 addit
826 3332 871 3390 vir
901 3330 1100 3401 doctissimus,
1127 3325 1310 3403 particuloi'

132 3436 241 3493 inserta
268 3435 346 3495 huno
373 3437 489 3494 titulum
518 3455 582 3495 cum
609 3453 643 3494 eo
667 3437 716 3509 qni
738 3432 887 3507 praeeedit
909 3432 1138 3507 conjungendum
1162 3449 1239 3504 esse,
1267 3433 1310 3490 ita

133 3542 166 3594 ut
191 3537 240 3595 illc
269 3538 432 3610 speculator
460 3538 639 3611 intelligatur
660 3537 761 3597 Ulixes
789 3542 819 3594 et
840 3536 1028 3595 Antisthenes
1051 3539 1167 3608 praeter
1189 3534 1311 3592 Homeri

134 3639 330 3698 narrationem
357 3639 444 3698 etiam
472 3641 642 3712 posterioris
665 3641 769 3698 aetatis
790 3637 918 3698 fabulam
940 3642 1080 3697 tractasse
1102 3635 1310 3696 existimandus

134 3742 180 3813 sit,
204 3758 261 3814 qua
282 3741 383 3801 Ulixes
403 3742 481 3800 intra
500 3742 579 3815 ipsos
600 3757 698 3799 muros
713 3742 818 3815 Troiae
840 3740 1005 3814 pervenisse
1026 3738 1125 3810 ibique
1140 3736 1177 3794 ab
1194 3738 1307 3796 Helena

135 3843 249 3916 agnitus
270 3860 323 3916 per
345 3842 494 3902 Hecubam
515 3847 647 3901 servatus
668 3857 731 3900 esse
753 3840 910 3901 ferebatur.

132 3983 335 3994 μ’*

205 4080 230 4149 1)
247 4081 344 4136 Annal.
364 4082 421 4136 crit.
439 4079 555 4135 Berolin.
576 4082 695 4148 1842.'p.
716 4083 766 4135 612
785 4095 826 4147 sq.

204 4182 230 4251 2)
247 4182 322 4236 Libri
341 4181 460 4250 ejusdem
476 4182 548 4236 tituli
566 4182 752 4237 tribuebantur
770 4178 870 4234 Simoni
887 4183 914 4234 et
931 4177 1055 4234 Simmiae
1078 4178 1120 4248 (D.
1140 4179 1171 4231 L.
1189 4177 1230 4249 II,
1251 4180 1310 4231 122.

138 4266 205 4336 124).
