2866 4996
715 291 755 347 26

147 473 218 531 Cum
241 474 317 532 enirn
340 475 499 533 orationem
522 493 607 547 quarn
630 477 752 534 maxime
775 476 918 534 ilustrare
934 482 1022 547 atque
1037 490 1179 533 exornare
1194 473 1328 531 studeret

148 576 280 648 Gorgias,
303 577 443 648 poeticam
459 577 503 635 rel
519 578 614 649 potius
631 577 868 651 dithyranrbiraru
891 578 1036 636 licentiam
1058 593 1093 635 eo
1115 576 1221 647 intulit,
1246 575 1326 649 qnod

148 679 255 749 tropis,
285 683 316 736 ut
337 680 507 754 metaphora
533 686 563 737 et
591 680 764 754 hyperbole,
795 681 876 739 novis
898 680 995 738 vorbis
1015 680 1061 737 vel
1090 678 1256 751 compositis
1278 678 1326 737 vel

148 780 323 852 peregrinis,
355 781 506 839 cumulatis
533 781 657 855 denique
684 783 820 855 epithetis
846 782 1034 841 immoderate
1062 779 1208 839 utebatur.
1259 781 1326 839 Huc

148 881 322 942 accedebant
349 884 488 941 orationis
515 884 639 956 figurae:
666 885 818 942 contrariis
844 884 937 942 relata
964 884 1110 942 contraria
1139 877 1324 959 (ἀντιθέσεις),

147 984 230 1057 paria
251 985 369 1058 paribus
390 985 527 1059 adjuncta
549 982 745 1064 (παρισώσεις),
773 986 904 1045 similiter
927 988 1082 1045 terminata
1104 979 1324 1062 (innectebantur),

147 1088 341 1158 agnominatio
363 1088 591 1165 (superoperuit),
615 1089 765 1147 dissolutio
787 1077 962 1165 (ἀσύνδετον).
1007 1088 1139 1161 Denique
1159 1088 1323 1146 orationem

147 1204 203 1247 nou
239 1189 417 1261 longioribus
452 1191 605 1249 verborum
642 1191 946 1264 comprehensionibus
980 1190 1231 1260 circumscribere,
1269 1191 1322 1248 sed

146 1289 328 1349 brevioribus
355 1292 579 1365 aequalibusque
608 1293 757 1365 particulis
784 1293 913 1351 incidere
941 1298 969 1351 et
998 1309 1096 1351 earum
1124 1292 1321 1350 concinnitate

146 1409 295 1451 numerum
318 1394 461 1465 quendam
489 1395 648 1453 oratorium
675 1394 789 1454 efficere
811 1392 967 1470 solebat¹).
997 1427 1037 1435 —
1064 1394 1109 1452 De
1133 1410 1190 1467 quo
1211 1411 1320 1467 genere

147 1492 261 1552 dicendi
281 1494 346 1554 ideo
369 1497 468 1568 paucis
490 1497 623 1569 exposui,
653 1497 731 1569 quod
758 1496 834 1554 iufra
856 1496 892 1554 do
915 1495 1027 1555 duabus
1051 1494 1241 1568 judicandum
1264 1497 1322 1554 erit

146 1595 411 1670 declamationibus,
435 1615 508 1671 quae
523 1599 705 1657 Antisthenis
726 1614 789 1656 esse
810 1597 957 1668 feruntur3
982 1616 1038 1671 qna
1060 1600 1090 1657 in
1105 1598 1182 1656 reid
1197 1598 1321 1656 maxime

146 1700 308 1771 quaeritur,
337 1717 403 1758 num
425 1700 483 1758 illis
505 1701 630 1773 Gorgiae
652 1700 814 1772 exemplum
835 1716 1002 1773 expressum
1025 1701 1071 1758 sit.
1116 1699 1321 1758 Antisthenem

145 1801 274 1858 enimin
296 1801 427 1874 dialogis,
456 1803 596 1876 imprimis
616 1803 646 1860 in
670 1803 841 1874 „Veritate“
864 1806 894 1860 et
909 1802 1150 1874 „Protrepticis“,
1172 1801 1320 1859 rhetorico

147 1900 262 1960 dicendi
284 1920 389 1975 genere
412 1922 493 1963 usum
515 1922 587 1976 esse,
610 1904 754 1977 Diogenes
775 1904 910 1962 Laertius
931 1909 1032 1961 auctor
1054 1909 1099 1962 est
1120 1902 1182 1979 (Vl,
1208 1902 1255 1979 1);
1284 1902 1321 1961 de

147 2018 205 2075 qua
225 2020 257 2061 re
280 2021 332 2062 nos
355 2006 471 2079 quidem
489 2007 629 2079 judicium
651 2005 746 2065 iacere
769 2021 826 2063 non
847 2021 1013 2078 possumus,
1037 2022 1101 2063 cum
1123 2022 1159 2062 ex
1181 2003 1321 2077 dispersis

145 2104 285 2164 librorum
311 2106 567 2167 Antistheneorum
607 2108 775 2181 fragmentis
808 2108 856 2166 vix
889 2107 961 2166 certi
993 2107 1150 2180 quidquam
1183 2107 1321 2179 colligere

144 2205 274 2282 liceat2).
301 2240 344 2250 -
371 2209 474 2282 Neque
502 2216 597 2268 tamen
626 2210 716 2268 solnm
739 2210 776 2269 ad
803 2209 928 2282 Gorgiae
957 2209 1117 2282 exemplum
1140 2226 1171 2267 se
1190 2208 1320 2280 tinxisse,

146 2309 197 2367 sed
218 2309 305 2368 etiam
326 2309 436 2369 fructus
458 2311 596 2383 quosdam
618 2312 782 2385 percepisse
805 2310 1011 2370 existimandus
1033 2315 1077 2369 est
1107 2329 1143 2370 ex
1165 2316 1320 2369 consuetu·

145 2410 211 2469 dine
238 2411 369 2484 Prodici,
399 2430 483 2485 quern
512 2414 653 2486 irnprimis
680 2415 710 2472 in
739 2413 951 2487 distinguendis
980 2413 1192 2487 diligenterque
1214 2411 1321 2471 exami-

145 2514 249 2572 nandis
270 2514 474 2574 vocabulorum
502 2516 668 2574 notionibus
697 2515 861 2575 elaborasse
884 2521 914 2574 et
941 2516 971 2573 in
993 2516 1126 2574 oratione
1148 2514 1322 2588 elegantiam

145 2615 260 2688 quidem
281 2621 448 2690 rectamque
463 2618 618 2676 uerborum
634 2618 853 2677 collocationem
868 2623 1062 2677 consectatum
1084 2634 1157 2690 esse,
1179 2616 1323 2675 luxuriem

144 2724 240 2776 tamen
268 2718 442 2790 Gorgianann
470 2718 638 2791 repudiasse
669 2720 782 2777 scimus.
816 2703 822 2711 ⁶
848 2720 952 2778 Nonne
981 2736 1050 2778 vero
1079 2720 1166 2779 etiarn
1195 2720 1324 2779 Socratis

214 2902 237 2968 1)
256 2898 296 2953 uf.
316 2898 496 2953 Schoenborn.
532 2900 572 2953 De
591 2900 730 2953 authentia
746 2899 899 2969 declamat,
918 2917 985 2969 quae
1005 2901 1083 2969 Gorg.
1101 2901 1196 2955 Leoni.
1215 2901 1322 2955 nomine

144 2990 250 3039 exstant
267 3002 293 3053 p.
315 2986 346 3038 14
365 3000 418 3053 sq.;
437 2985 512 3039 Foss.
531 2984 572 3040 De
589 2985 667 3054 Gorg.
686 3003 711 3054 p.
731 2989 764 3039 50
783 3003 836 3055 sq.;
856 2985 979 3054 Spengel.
998 2984 1154 3056 Συνιιγοιγὴ
1172 2989 1277 3055 τεχνῶν
1294 3003 1320 3055 p.

144 3073 177 3124 63
196 3085 235 3137 sq.

210 3155 237 3224 2)
254 3154 380 3208 Forsitan
402 3156 543 3225 uestigium
569 3157 701 3224 quoddam
725 3157 874 3224 Gorgianae
898 3157 963 3212 artis
986 3157 1015 3210 in
1038 3155 1259 3224 agnominationis
1277 3157 1319 3212 vel

142 3240 344 3310 paronomasiae
361 3241 490 3310 exemplis
507 3243 635 3313 reperias,
653 3259 722 3312 quae
738 3243 766 3296 in
779 3241 857 3296 dictis
872 3242 1041 3297 Antisthenis
1056 3241 1100 3295 hic
1114 3241 1170 3296 illic
1184 3243 1321 3297 inveniun-

143 3333 200 3395 tur,
217 3325 290 3382 velut
307 3327 378 3397 apud
391 3328 469 3396 Diog.
479 3327 510 3382 L.
520 3327 565 3396 Vl,
582 3330 637 3382 ul
655 3328 742 3382 verbis
761 3329 860 3381 καινοῦ
879 3332 905 3379 et
920 3328 966 3378 καὶ
979 3327 1040 3391 νοῦ,
1060 3322 1194 3393 anteiret
1208 3324 1320 3397 ποινήν,

144 3409 265 3485 κόρακας
283 3418 309 3466 ct
327 3409 448 3473 κόλακας
464 3412 577 3468 luditur:
596 3410 667 3485 πρός
684 3432 712 3467 τε
729 3409 759 3465 τὸ
777 3408 917 3467 Ποντικὸν
933 3405 1080 3481 μειράκιον
1096 3413 1200 3482 μέλλον
1217 3416 1320 3482 φοιτᾶν

145 3495 218 3566 αὐτῷ
233 3501 280 3550 καὶ
294 3495 458 3570 πυθόμενον
476 3503 558 3554 τίνων
572 3497 645 3566 αὑπῷ
660 3499 705 3553 δεῖ
716 3512 796 3568 φησι·
817 3499 989 3568 ‚papamque
1006 3498 1105 3551 καινοῦ
1119 3499 1167 3548 καὶ
1182 3503 1320 3567 γραφείου

144 3585 242 3640 καινοῦ
260 3587 306 3635 καὶ
324 3584 485 3638 πινακιδίου
510 3586 642 3639 καινοῦ“.
679 3580 765 3652 (Quod
783 3582 883 3636 dictum
899 3581 1011 3635 Isocrati
1033 3581 1160 3635 tribuitur
1177 3597 1193 3635 a
1211 3581 1322 3638 Theone

143 3668 333 3724 Alexandrino.
357 3668 466 3723 Rhetor.
491 3669 537 3723 Gr.
556 3668 597 3722 ed.
616 3668 695 3722 Walz
712 3668 733 3723 I.
756 3685 782 3735 p.
805 3667 874 3735 209).
901 3697 934 3706 —
961 3664 1031 3736 πρὸς
1055 3666 1086 3720 δὲ
1114 3664 1162 3722 τὸν
1186 3664 1322 3739 ἐρόμενον

144 3752 275 3823 ποδαπὴν
295 3751 370 3827 γήμρ
394 3755 461 3824 ἔφη·
488 3751 548 3820 „cir
569 3754 624 3826 μὲν
646 3750 747 3821 καλήν,
771 3753 838 3814 ’ἕξεις
856 3748 965 3819 κοινήν,
990 3748 1025 3807 ἂν
1044 3752 1075 3805 δὲ
1094 3748 1227 3823 αἰσχράν,
1254 3751 1321 3813 ἕξεις

143 3836 273 3908 ποινήν.“
292 3839 375 3909 (idem
392 3840 492 3894 dictum
510 3839 544 3893 ad
561 3840 671 3894 Bionem
688 3839 895 3909 Borystheniten
912 3838 1028 3892 refertur
1045 3855 1061 3891 a
1078 3837 1154 3906 Diog.
1162 3836 1194 3890 L.
1211 3836 1258 3905 IV,
1267 3838 1321 3906 48).

143 3955 176 3964 -
204 3931 326 3996 κρεῖττον
348 3925 424 3995 ἔλεγε
452 3956 485 3963 -
512 3929 550 3983 εἰς
573 3921 695 3995 κόρακας
727 3921 744 3991 ἢ
766 3928 803 3984 εἰς
826 3920 946 3982 κόλακας
970 3924 1115 3995 ἐμπεσεῖν·
1140 3925 1167 3976 οἱ
1188 3922 1243 3994 ptr
1264 3920 1319 3995 γὰρ

143 4006 270 4082 νεκρούς,
296 4014 322 4064 οἱ
349 4011 379 4063 δὲ
406 4013 506 4072 ζῶντας
530 4010 682 4064 ἐσθίουσιν.
707 4040 740 4052 -
763 4009 892 4078 Ejusdem
914 4009 1019 4078 generis
1042 4015 1084 4063 cst
1105 4007 1219 4078 dictum,
1247 4009 1320 4076 quod

141 4095 218 4164 Diog.
236 4096 267 4150 L.
287 4097 341 4166 (VI,
359 4097 403 4165 24)
420 4096 533 4165 Diogeni
552 4096 707 4164 Sinopensi,
725 4095 888 4150 Plutarchus
911 4095 954 4162 (de
972 4095 1054 4149 Stoic.
1071 4110 1184 4163 repugn.
1202 4093 1274 4162 xlv,
1293 4097 1320 4162 7)

143 4181 272 4235 similibus
290 4183 378 4237 verbis
396 4181 518 4237 attribuit
534 4181 701 4236 Antistheni:
720 4185 757 4240 ele
771 4178 820 4237 τὸν
834 4185 898 4248 βίον
912 4176 1140 4252 παρεσκευάσθαι
1155 4179 1215 4236 δεῖν
1232 4175 1321 4251 λόγον
1344 4237 1347 4241 ,

143 4261 287 4338 taetro-
307 4298 340 4306 -
