2866 4996
717 293 754 348 41

237 481 291 560 22)
313 478 464 555 ἐρώτημα
486 480 561 557 περὶ
582 474 709 553 φύσεως
730 477 797 553 α’β.
835 479 917 538 Haec
937 483 981 537 cst
1002 476 1079 537 enim
1100 476 1223 535 duorum
1245 475 1323 534 codi-

153 605 217 646 cum
235 587 387 660 scriptura,
410 602 495 659 quam
518 585 605 644 etiarn
627 583 716 643 editio
737 584 872 656 princeps
886 581 1073 642 Frobeniana
1094 596 1131 639 cx
1152 584 1235 654 parte
1256 593 1324 638 con-

151 689 255 750 firmat.
298 688 393 763 Vulgo
414 689 522 764 legitur
543 685 662 764 ἐρώτημα
684 685 742 762 περὶ
763 683 864 758 φύσεως
883 679 918 756 β.

612 909 865 921 —1-3—-2-

373 1135 444 1218 IV.
477 1133 644 1242 Scripta
675 1133 814 1216 ethica
845 1141 887 1216 et
917 1130 1103 1241 politica.

236 1359 300 1416 Hoc
321 1356 493 1430 scriptorum
509 1355 690 1415 Antisthenis
712 1372 802 1428 genus
823 1371 882 1413 non
903 1354 988 1414 modo
1010 1373 1139 1428 numero,
1163 1358 1214 1416 scd
1236 1357 1325 1417 ctiam

152 1461 325 1522 auctoritate
357 1463 444 1531 atquc
477 1459 620 1532 gravitate
652 1457 791 1516 librorum
825 1458 930 1516 ceteris
961 1459 1138 1530 praestabat.
1198 1460 1326 1520 Primum

152 1570 248 1623 autem
270 1563 365 1621 locum
387 1561 559 1621 obtinebant
579 1561 601 1617 ii
622 1559 703 1631 libri,
727 1576 848 1631 quorum
871 1560 955 1618 alteri
976 1560 1126 1633 Herculis,
1150 1563 1235 1621 alteri
1257 1563 1326 1636 Cyri

152 1682 255 1725 nomen
277 1664 426 1734 ferebant;
456 1664 492 1722 iis
515 1663 590 1722 enim
613 1662 801 1722 Antisthenes
822 1667 978 1735 praecepta
1000 1664 1112 1722 ethicae
1133 1665 1257 1737 Cynicae
1279 1682 1327 1725 ac·

153 1767 332 1829 curatissime
360 1766 568 1839 explicaverat,
606 1764 746 1838 imprimis
772 1765 851 1823 illam
878 1767 1065 1837 sententiam,
1101 1767 1230 1825 lahorem
1265 1783 1328 1825 csse

152 1871 272 1942 honum,
294 1868 429 1929 Herculis
451 1872 480 1926 ct
501 1867 569 1939 Cyri
591 1866 730 1941 exemplis
752 1866 1033 1943 comprobaverant
1056 1903 1097 1909 —
1119 1868 1164 1928 Ac
1182 1869 1329 1942 Diogenes

152 1972 268 2047 quidem
288 1971 424 2031 Laertius
451 1974 552 2028 auctor
580 1974 625 2028 est
656 1975 716 2028 tres
737 1967 825 2028 fuisse
851 1970 955 2042 libros,
984 1985 1056 2043 qnos
1082 1971 1132 2030 ille
1155 1971 1328 2046 Cynosargis

151 2081 238 2148 atquc
262 2074 433 2147 Cynicorum
455 2078 579 2145 patrono
602 2069 811 2147 dedicasset²):

237 2176 290 2254 23)
308 2171 474 2251 Ἡρακλῆς
497 2166 511 2230 ὁ
532 2175 652 2247 μείζων
673 2162 690 2242 ἢ
710 2172 786 2247 περὶ
808 2169 936 2242 ἰσχύος.
961 2173 1042 2251 (tom.
1065 2172 1129 2250 IV.)

238 2277 290 2355 24)
312 2273 474 2351 Ἡρακλῆς
494 2265 512 2347 ἦ
534 2275 611 2350 περὶ
632 2273 828 2350 φρονήσεως
849 2266 866 2345 ἦ
889 2274 1016 2346 ἰσχύος.
1044 2276 1124 2353 (tom.
1148 2277 1200 2354 Χ.)

241 2379 294 2457 25)
313 2376 483 2452 Ἡρακλῆς
509 2377 598 2456 καὶὸ)
625 2378 745 2442 Μίδας.
774 2378 855 2456 (tom.
883 2381 935 2456 X.)
985 2379 1040 2439 Sed
1063 2396 1180 2451 vereor,
1205 2385 1237 2438 ut
1258 2380 1331 2439 haec

155 2489 234 2542 recte
262 2501 292 2542 sc
319 2484 455 2542 habeant.
513 2483 587 2542 Nam
614 2482 737 2556 primum
770 2483 818 2539 vix
855 2482 997 2553 adducor,
1034 2487 1067 2540 ut
1100 2481 1216 2540 credam
1245 2481 1329 2539 Anti-

155 2586 286 2645 sthencm
307 2587 446 2659 singulari
467 2584 543 2643 libro
571 2584 607 2643 dc
636 2582 805 2642 fortitudine
832 2584 919 2641 animi
947 2601 981 2643 ac
1008 2598 1066 2641 uon
1093 2583 1177 2640 simul
1205 2583 1240 2641 de
1262 2601 1331 2656 pru-

155 2687 268 2761 dentia,
301 2689 407 2762 quippe
436 2704 510 2761 quae
538 2686 682 2745 artissimo
709 2686 823 2746 vinculo
846 2703 910 2744 cum
936 2686 987 2743 illa
1009 2687 1205 2760 contineatur,
1233 2685 1331 2760 dispu-

154 2795 240 2848 tasse.
284 2790 406 2849 Accedit
428 2789 505 2862 quod
527 2806 585 2847 non
607 2789 698 2848 solum
724 2789 755 2846 in
784 2787 860 2846 libro
884 2787 1022 2861 quodam,
1058 2789 1108 2860 qui
1129 2788 1332 2847 Eratosthenis

155 2908 218 2951 esse
240 2890 332 2951 fertur
342 2891 378 2968 ⁴),
401 2892 453 2950 scd
474 2893 559 2951 etiam
576 2890 652 2963 apud
668 2890 829 2963 Diogenem
850 2891 943 2964 ipsum
958 2890 1022 2949 aliis
1042 2889 1113 2948 locis
1122 2887 1147 2966 ⁵)
1164 2890 1332 2962 simpliciter

156 2993 297 3054 Hercules
326 2992 508 3053 Antisthenis
534 2992 684 3064 laudatur,
713 2993 796 3065 quasi
823 3010 898 3052 unus
926 2991 1015 3051 fuerit
1040 2991 1124 3050 liber.
1169 2993 1280 3052 Rursus
1303 2998 1333 3052 ct

155 3097 210 3155 hoc
237 3096 299 3155 loco
327 3097 467 3169 majorem
495 3101 525 3154 et
550 3094 607 3152 alio
637 3092 690 3168 (ΙΙ,
715 3093 767 3171 61)
789 3096 930 3154 minorem
951 3095 1106 3154 Herculem
1129 3101 1334 3154 commemorat

155 3197 315 3271 Diogenes,
342 3199 385 3256 ita
405 3203 438 3256 ut
458 3214 532 3256 unus
554 3201 632 3255 certe
655 3212 690 3254 ex
712 3195 769 3254 illis
790 3197 885 3256 trihus
906 3197 1081 3272 rejiciendus
1103 3213 1165 3255 esse
1188 3196 1332 3256 videatur.

155 3298 288 3371 Denique
315 3300 346 3357 in
373 3300 445 3374 ipsis
466 3299 562 3358 verbis
589 3286 686 3372 ἢπερ)
707 3294 812 3374 ἰσχύος,
838 3316 912 3373 quae
940 3300 1027 3374 primi
1054 3305 1083 3358 et
1111 3299 1229 3359 secundi
1256 3298 1334 3358 tituli

156 3402 317 3460 eommunia
343 3407 423 3474 sunt,
451 3401 666 3475 depravationis
694 3403 816 3475 vestigia
845 3402 915 3460 satis
936 3406 1089 3475 apparent.
1133 3400 1244 3460 Indicio
1266 3407 1334 3460 snut

225 3600 250 3669 1)
267 3600 344 3669 Diog.
357 3599 388 3654 L.
407 3600 452 3669 VI,
471 3605 497 3655 2.
517 3605 563 3655 καὶ
583 3599 624 3656 ὅτι
644 3599 658 3654 ὁ
677 3597 765 3660 πόνος
783 3597 894 3670 ἀγαθὸν
911 3603 1059 3667 συνέστησε
1077 3597 1124 3653 διὰ
1141 3601 1191 3653 σοῦ
1208 3596 1334 3671 μεγάλου

156 3680 322 3754 Ἡρακλέους
350 3688 397 3738 καὶ
423 3687 472 3738 τοῦ
498 3683 610 3760 Κύρου,
640 3684 669 3740 τὸ
694 3686 749 3758 μὲν
771 3684 827 3741 ἀπὸ
851 3688 907 3741 τῶν
925 3681 1076 3754 Ἑλλήνων,
1104 3683 1135 3738 τὸ
1153 3684 1184 3738 δὲ
1204 3682 1260 3738 ἀπὸ
1279 3688 1335 3742 τῶν

156 3767 305 3842 βαρβάρων
324 3766 447 3830 ἑλκύσας.

226 3856 252 3922 2)
269 3855 445 3910 Antisthenes
468 3857 527 3925 ipse
545 3857 579 3911 ab
597 3857 716 3912 Eusebio
743 3857 848 3926 (Pracp.
874 3872 966 3924 evang.
985 3856 1048 3925 XV,
1068 3859 1113 3926 13,
1131 3856 1158 3924 7)
1181 3854 1335 3925 appellatur

153 3936 372 4010 Ἡρακλεώσικός
391 3960 430 4000 τις
448 3941 517 4014 ἀνὴρ
536 3940 565 3995 τὸ
585 3940 727 4015 φρόνημα.

224 4026 250 4094 3)
268 4026 310 4079 lta
327 4027 396 4080 enim
414 4034 522 4081 auctore
542 4027 683 4081 Welolrero
701 4027 841 4096 legendum
859 4043 918 4081 esse
937 4041 1032 4080 censeo
1050 4043 1099 4095 pro
1118 4024 1221 4093 vulgari
1239 4019 1265 4093 ἥ.

224 4110 250 4178 4)
269 4110 447 4166 Catasterism.
472 4128 494 4165 o.
519 4117 560 4166 40.
590 4109 719 4182 redduco
743 4112 915 4179 Ἀντισθένης
946 4115 1032 4181 φησὶν
1059 4109 1073 4164 ὁ
1100 4108 1279 4183 Σωκρατικὸς
1305 4110 1336 4165 ἓν

157 4197 199 4262 τῷ
214 4191 382 4267 Ἠρακλεῖ.

226 4278 253 4346 5)
270 4277 322 4348 vl,
344 4283 479 4336 104.105.
