2866 4996
126 462 224 520 statim
246 462 413 520 immutaret
432 461 488 520 ita:

324 560 434 638 αἰσχρόν
455 554 485 619 τό
505 567 534 638 7'
555 561 679 638 αἰσχρόν,
702 559 751 618 κᾶν
771 563 849 638 δοκῇ,
872 559 921 618 adu
941 558 977 635 μὴ
1000 560 1108 639 δσιιῂι).

213 667 346 740 Apparet
368 683 404 724 ex
425 667 470 724 his
492 666 653 725 dicacitatis
674 664 882 723 Antistheneae
905 665 1053 738 exemplis,
1075 681 1161 738 quarn
1176 662 1303 738 graviter

128 771 160 827 in
182 770 295 840 omnia,
319 783 392 840 quae
421 768 458 827 ab
480 769 571 842 ipsius
592 767 709 841 ingenio
731 766 916 840 moribusque
938 766 1145 837 abhorrerent,
1175 766 1304 825 invectus

127 872 166 931 sit
188 870 325 943 Cynicm,
349 869 494 929 dissimilis
516 887 551 929 ea
573 870 689 942 quidem
710 869 740 926 in
762 885 794 926 re
817 868 959 940 Socratis,
982 885 1067 941 quem
1088 868 1187 940 lepore
1208 868 1305 940 potius

127 989 163 1031 ac
189 977 331 1045 perpetua
359 972 483 1046 quadarn
515 970 672 1031 festivitate
701 987 787 1042 qnam
813 970 920 1030 acerba
947 971 1128 1030 conflatione
1156 969 1227 1029 vitia
1253 968 1304 1026 ho·

128 1075 238 1133 minum
265 1075 427 1147 exagitasse
455 1089 538 1132 nemo
567 1077 612 1130 est
638 1072 687 1144 qui
715 1075 834 1132 nesciat.
886 1073 1031 1145 Diogenes
1053 1088 1122 1131 vero
1150 1075 1180 1129 et
1200 1069 1305 1143 reliqui

129 1176 230 1249 Cynici
250 1177 412 1249 exemplum
434 1177 565 1249 magistri
580 1177 787 1235 studiosissime
809 1176 915 1234 imitati
934 1181 1009 1247 sunt,
1032 1174 1117 1232 immo
1139 1173 1224 1245 longe
1240 1189 1305 1230 eum

131 1277 286 1336 cavillandi
314 1278 473 1337 acerbitate
502 1283 685 1351 superarunt.
739 1279 842 1351 Neque
876 1286 973 1336 tamen
1001 1293 1113 1351 semper
1144 1278 1198 1335 hac
1225 1275 1305 1333 illum

131 1378 218 1439 luisse
241 1381 418 1452 morositate,
443 1386 472 1438 et
486 1381 687 1454 Xenophontis
703 1380 892 1453 Symposium,
916 1379 965 1438 ubi
988 1394 1098 1438 summa
1120 1395 1184 1438 cum
1205 1377 1305 1435 hilari-

130 1488 191 1540 tate
213 1483 291 1540 inter
311 1483 417 1542 amicos
439 1489 571 1542 versatur
592 1499 626 1540 ac
641 1483 774 1542 Socrates
796 1483 823 1540 ei
845 1487 961 1555 practer
977 1497 1077 1539 omnes
1097 1480 1200 1539 tribuit
1215 1485 1305 1538 artem

134 1583 281 1643 hominum
302 1585 379 1642 inter
394 1600 456 1642 sese
479 1581 766 1660 conciliandorum2),
790 1589 820 1642 et
834 1583 884 1641 alii
906 1588 1035 1641 veterum
1058 1583 1231 1655 scriptorum
1252 1580 1307 1639 loci

130 1686 295 1745 testimonio
317 1693 392 1758 sunt,
417 1686 521 1759 quibus
544 1688 649 1745 eximia
671 1686 856 1758 praedicatur
878 1701 1042 1744 sermonum
1056 1686 1118 1758 ejus
1140 1681 1306 1759 suavitas³).

216 1788 405 1847 Antisthenes
426 1805 520 1861 neque
542 1805 668 1862 unquam
690 1805 809 1846 uxorem
832 1787 947 1845 duxisse
957 1785 983 1863 ⁴)
1013 1793 1042 1845 et
1064 1787 1189 1847 Socratis
1212 1802 1307 1844 orem·

130 1890 210 1964 plum
244 1896 359 1949 secutus
384 1907 497 1969 semper
529 1890 652 1950 Athenis
680 1891 818 1949 mansisse
853 1889 983 1960 videtur3
1014 1896 1092 1948 certe
1120 1894 1199 1947 errat
1227 1887 1307 1946 Theo

132 1991 347 2051 Alexandrinus
357 1990 400 2069 ⁵),
441 1994 490 2066 qni
522 2010 586 2051 eum
620 1994 754 2066 Spartam
786 1989 946 2064 profectum
982 2008 1043 2050 esse
1077 1997 1177 2048 narrat
1209 1989 1308 2061 ibique

131 2095 295 2167 loquentem
318 2093 387 2153 facit
410 2111 483 2167 quae
505 2095 577 2153 alias
599 2096 768 2154 tribuuntur
789 2093 912 2166 Diogeni
935 2089 1133 2168 Sinopensi⁸).

220 2197 299 2255 Tabe
322 2196 439 2255 tandem
461 2202 648 2270 consumptus
670 2212 779 2256 summa
802 2201 948 2254 senectute
971 2212 995 2254 c.
1020 2195 1063 2253 01.
1086 2196 1155 2265 103,
1178 2197 1197 2251 4
1221 2193 1308 2270 (365)

134 2299 211 2356 diem
245 2315 409 2371 supremum
443 2299 516 2358 obiit
526 2298 562 2376 ¹).
628 2299 755 2356 Mortem
783 2299 837 2355 sibi
871 2299 933 2370 ipse
964 2299 1142 2357 consciscere
1176 2297 1310 2354 noluerat

132 2400 316 2473 gladiumque
344 2402 501 2474 reiecerat,
532 2418 616 2474 quern
639 2402 665 2459 ei
687 2401 847 2474 Diogenen
876 2406 909 2457 ut
930 2401 1079 2458 doloribus
1107 2415 1138 2456 se
1160 2399 1308 2468 liberaret,

132 2508 312 2576 porrexerat.
371 2503 434 2576 Qua
466 2505 496 2561 in
531 2520 563 2561 re
603 2510 757 2576 praecepto
798 2503 924 2562 Socratis
965 2501 1189 2574 obtemperavit,
1224 2517 1308 2573 quem

136 2639 338 2648 *-

203 2703 227 2771 1)
246 2702 316 2756 Plnt.
336 2701 472 2769 Quomodo
491 2700 646 2756 adolescens
665 2708 716 2754 otc.
735 2717 761 2769 p.
774 2703 808 2754 33
821 2700 848 2752 C.
867 2700 981 2753 Versum
999 2698 1074 2753 illurn
1085 2697 1222 2766 Euripidis
1240 2712 1308 2765 esse,

132 2787 297 2841 demonstrat
315 2786 403 2841 Schol.
422 2787 455 2840 ad
472 2787 610 2856 Aristoph.
628 2786 696 2842 Ran.
719 2788 791 2840 1523.
802 2816 836 2822 -
855 2784 977 2838 Ceterum
995 2784 1064 2838 idern
1082 2783 1181 2838 dictum
1200 2782 1233 2837 ab
1248 2781 1308 2835 aliis

134 2872 252 2940 Platoni,
271 2872 304 2926 ab
323 2872 383 2926 aliis
400 2872 513 2939 Diogeni
531 2872 665 2926 tribuitur.

202 2977 228 3043 2)
245 2975 291 3043 IV,
310 2977 351 3029 36.

201 3077 227 3145 3)
244 3076 321 3146 Diog.
339 3078 370 3131 L.
389 3076 435 3145 vl,
456 3081 495 3130 14.
515 3079 612 3131 τοῦτον
633 3073 725 3149 μόνον
748 3076 779 3130 ἐκ
803 3072 915 3131 πάντων
932 3076 1118 3145 Σωκρατικῶν
1140 3069 1309 3144 Θεόπομπος

132 3163 242 3219 ducaret*
267 3167 316 3215 καί
336 3177 405 3234 φησι
430 3160 523 3218 δεινόν
546 3181 573 3216 ιε
602 3162 672 3218 εἶναι
696 3166 742 3215 καὶ
761 3162 797 3215 δι’
815 3159 926 3233 ὁμιλίας
949 3160 1087 3232 ἐμμελοῦς
1110 3155 1308 3229 ὑπαγαγέσθαι

132 3249 218 3304 πανθ’
229 3245 475 3305 inarata-rad
486 3249 517 3302 dr
532 3249 667 3318 Ξενοφῶν
676 3246 790 3315 ἥδιστον
806 3247 861 3320 μὲν
880 3247 947 3301 εἰναι
962 3249 1025 3317 περὶ
1043 3242 1088 3302 τὰς
1100 3241 1210 3315 ὁμιλίας
1222 3247 1309 3314 φησὶν

133 3331 227 3389 αὐτόν.

203 3440 228 3505 4)
247 3436 286 3492 01.
305 3436 426 3505 Xenoph.
445 3437 536 3505 Symp.
555 3435 601 3504 IV,
620 3438 660 3487 38.

201 3542 227 3607 ὅ)
246 3540 386 3607 Progymn.
405 3555 426 3592 c.
446 3541 471 3591 5.
490 3538 609 3607 (Rhetor.
629 3538 722 3589 Graec.
742 3534 781 3588 ed.
800 3533 887 3586 Walz.
906 3532 925 3586 Ι.
944 3549 970 3600 p.
990 3537 1051 3601 215)
1077 3565 1106 3576 -
1130 3532 1309 3598 Ἀντισθένην

131 3621 254 3681 Ἀιιιιιόν
276 3642 309 3696 γε
332 3619 399 3680 ὄντα
423 3620 652 3694 παραγενόμενον
672 3616 827 3687 Ἀθήνηθεν
854 3621 891 3675 εἰς
918 3618 1121 3691 Λακεδαίμονα
1141 3618 1172 3671 έκ
1194 3619 1240 3684 τῆς
1257 3635 1308 3686 yv-

134 3711 322 3769 ναικωνίτιδος
339 3712 430 3780 λέγειν
447 3710 484 3766 εἰς
502 3706 550 3776 τὴν
568 3707 733 3778 ἀνδρωνῖτιν
750 3705 865 3759 ἐπιέναι.

203 3815 229 3880 6)
247 3812 324 3881 Diog.
343 3811 373 3865 L.
392 3811 438 3879 VI,
457 3813 498 3864 59.

202 3918 228 3983 7)
246 3915 322 3983 Diog.
341 3914 371 3966 L.
390 3914 440 3983 VI,
465 3916 504 3968 18.
528 3909 680 3980 ἐτελεύτησε
701 3911 732 3964 δὲ
756 3909 895 3984 ιῖρρωσιίηι
919 3928 943 3962 ιι.
967 3929 988 3962 ι.
1012 3912 1036 3960 i.
1061 3936 1095 3948 -
1115 3905 1216 3959 Julian.
1235 3904 1306 3959 Orat.

136 3998 180 4066 vl,
198 4017 224 4068 p.
237 4003 284 4054 181
299 4002 331 4070 A,
350 4015 429 4068 quem
446 3998 629 4065 transscripsit
647 3997 743 4051 Suidas
761 4013 816 4050 av.
833 3995 904 4051 Ἀνι.
924 3993 1128 4067 ,,ἀῤῥιισιοῦν1ι
1143 3989 1308 4046 Ἀντισθένει

134 4084 246 4157 μιαρὰν
264 4088 310 4138 καὶ
328 4082 530 4150 δυςανάκληιαν
547 4081 702 4156 ιέῤῥωσιέαν
721 4080 735 4133 ὁ
756 4085 888 4152 Διογένης
905 4079 1029 4150 ξιφίδιον
1046 4077 1186 4131 ἐπέδωκεν
1205 4095 1229 4128 ιι.
1248 4094 1269 4128 ι.
1284 4079 1307 4126 l..

134 4199 168 4208 -
195 4170 285 4227 Schol.
309 4170 342 4225 ad
367 4171 476 4226 Luciam.
501 4168 613 4223 Parasit.
641 4166 715 4237 §bh
763 4165 824 4226 τοὺς
850 4166 881 4219 δὲ
906 4162 963 4218 ἀπὸ
988 4162 1131 4234 decerptae
1148 4157 1308 4232 φθινήσαν-

134 4274 182 4317 τας
199 4286 232 4296 -—
251 4253 287 4316 ὡς
301 4256 480 4323 Ἀντισθένης.
498 4285 531 4294 -
549 4252 670 4307 Eudocia
687 4252 714 4305 in
728 4250 827 4307 Anccd.
847 4250 940 4304 Graec.
958 4249 1061 4303 Villois.
1079 4262 1106 4365 p.
1125 4249 1167 4302 56.

1068 4337 1084 4387 2
