2866 4996
703 281 742 335 38

136 470 267 530 stheuem
296 469 357 543 jam
394 484 482 542 supra
515 466 561 544 (p.
588 466 644 544 18)
682 466 975 526 commemoravimus.
1033 466 1180 540 Diogenes
1217 471 1316 526 autem

138 573 274 634 Laertius
296 571 359 647 (111,
384 569 437 647 35)
459 576 573 644 narrat,
603 569 806 630 Antisthenen
833 586 898 628 cum
918 569 1041 641 librum,
1071 585 1128 642 quo
1156 569 1316 628 contradici

137 692 195 735 non
224 691 308 749 posse
330 673 524 747 exposuisset,
558 671 681 732 fortasse
702 673 792 745 igitur
821 665 978 746 Ἀλήθειαν,
1014 671 1138 731 recitare
1169 671 1317 743 voluisset,
1363 720 1366 725 ι

138 794 255 852 rogasse
282 776 433 836 Platonem
460 781 493 834 ut
521 775 650 845 adosset;
684 776 734 848 qui
761 792 825 833 cum
857 775 1029 834 seutentiam
1063 774 1141 834 illius
1167 775 1209 833 ita
1236 773 1316 834 refu-

137 885 242 951 tasset,
271 878 405 938 utillum
427 878 569 937 communi
591 878 719 951 opinioni
748 876 947 936 contradicere
969 884 1120 936 conantem
1143 876 1199 935 sibi
1220 877 1316 950 ipsum

136 981 334 1042 contradicere
364 979 590 1052 demonstraret,
620 978 822 1038 Antisthenen
844 985 946 1041 contra
972 996 1038 1039 eum
1061 979 1206 1051 dialogum
1234 979 1316 1038 illum

137 1084 293 1145 Sathouem
321 1082 533 1155 conscripsisse.
578 1082 640 1154 Quo
662 1081 694 1140 id
718 1083 810 1154 egisse
843 1081 972 1154 videtur,
1007 1086 1040 1139 nt
1074 1086 1191 1154 praeter
1219 1082 1317 1140 omnia

136 1185 266 1246 Platonis
300 1184 336 1243 de
369 1183 442 1243 ideis
477 1184 650 1243 sententiam
683 1185 874 1257 impugnaret.
933 1185 1024 1257 Quam
1058 1185 1134 1243 enim
1168 1185 1317 1243 statuebat

137 1289 221 1349 Plato
244 1286 394 1346 notionum
415 1288 492 1345 inter
514 1302 577 1345 sese
598 1286 741 1345 rationem
762 1292 849 1360 atque
872 1287 1115 1359 communionem,
1144 1302 1208 1345 eam
1229 1287 1316 1360 plane

88 1428 93 1434 -
136 1390 288 1466 rejiciebat
315 1386 537 1465 Antisthenes¹)
564 1385 725 1460 affirmans,
756 1389 827 1447 nihil
850 1388 1007 1463 significari
1034 1405 1119 1462 posse
1151 1387 1208 1446 nisi
1238 1387 1317 1447 idern

139 1493 255 1564 eodem,
285 1509 321 1555 ex
349 1507 405 1564 quo
425 1490 464 1549 id
489 1491 584 1564 ipsum
611 1489 791 1563 efficeretur,
819 1497 853 1551 ut
874 1491 1064 1551 contradictio
1087 1507 1201 1564 quoque
1223 1491 1317 1549 omnis

139 1595 301 1654 tolleretur.

223 1696 285 1768 Quo
308 1699 404 1752 autem
423 1694 489 1766 jnre
511 1694 770 1753 Winokelmanuus
792 1695 833 1771 (p.
859 1695 912 1773 35)
941 1696 979 1754 ad
1001 1695 1157 1754 Sathouem
1184 1695 1320 1754 retulerit

136 1798 231 1857 locum
253 1797 347 1857 Sebol.
371 1795 408 1855 ad
430 1796 554 1855 Aristot.
584 1798 625 1875 (p.
648 1793 716 1870 22¹),
740 1801 780 1856 40
803 1797 876 1874 sq),
904 1798 955 1857 ubi
977 1798 1166 1856 Antisthenes
1192 1796 1318 1856 Zenonis

139 1917 253 1959 omnem
273 1904 382 1958 motum
404 1900 537 1972 negantis
558 1906 728 1973 argumenta
749 1918 807 1959 nou
829 1900 939 1972 verbm,
972 1899 1023 1960 sed
1050 1917 1083 1958 re
1109 1899 1152 1957 ita
1177 1896 1319 1958 refellisse

137 2008 288 2074 narratur,
316 2006 349 2059 ιιι
377 2018 498 2076 surgens
526 2002 702 2074 ambularet,
736 2019 795 2061 non
821 2002 921 2075 video,
950 2003 1122 2076 praesertim
1148 2018 1213 2061 eum
1239 2000 1318 2059 idern

140 2106 177 2166 de
198 2107 329 2180 Diogene
353 2105 459 2178 Cynico
480 2105 636 2164 memoriae
658 2104 805 2179 proditum
827 2105 865 2162 sit
873 2102 910 2180 ²).

226 2206 277 2284 10)
300 2206 375 2282 περὶ
397 2207 582 2266 διαλέκτου.
626 2208 671 2267 De
694 2208 807 2267 ratione
829 2205 1000 2266 disserendi.

226 2311 276 2382 ll)
298 2309 372 2378 περὶ
393 2310 553 2376 παιδείας
575 2294 591 2379 ἦ
612 2305 787 2382 ὀνομάτων
808 2303 943 2382 a‘fl‘y'd's',
965 2309 1036 2368 Cum
1053 2307 1243 2368 Antisthenes
1267 2309 1317 2368 de·

138 2412 299 2472 finitionem
320 2414 436 2473 tolleret
462 2431 516 2474 nec
545 2414 703 2487 quidquam
729 2413 782 2471 ulli
803 2414 848 2471 rei
876 2410 997 2470 attribui
1025 2410 1113 2470 vellet
1139 2411 1197 2469 uisi
1224 2411 1318 2484 ipsam

138 2532 214 2587 rem,
243 2516 315 2574 nihil
343 2524 510 2590 supererat,
541 2534 597 2591 quo
625 2517 668 2574 vis
698 2522 786 2589 atque
814 2520 919 2574 natura
947 2513 1085 2586 cujusque
1107 2512 1318 2586 rei.explicari

139 2623 249 2690 posset,
279 2619 335 2676 nisi
361 2635 465 2676 nomen
474 2617 511 2695 ³).
565 2618 600 2678 Id
626 2619 715 2691 igitur
749 2623 880 2691 spectare
908 2616 1047 2688 debebat,
1082 2621 1115 2674 ιιι
1142 2616 1246 2688 cuique
1274 2616 1319 2674 roi

139 2721 287 2793 proprium
316 2720 552 2794 aptissimumque
578 2736 683 2779 nomen
709 2725 876 2792 poneretur.
942 2719 1044 2791 ltaque
1078 2718 1170 2776 omnis
1202 2718 1318 2775 institu-

138 2822 226 2880 tionis
247 2822 420 2895 principium
452 2822 538 2880 situm
570 2839 633 2881 esse
655 2822 729 2880 dixit
761 2822 793 2879 iu
821 2822 990 2894 quaestione
1013 2820 1048 2880 de
1076 2836 1145 2880 vera
1172 2817 1316 2893 significa-

140 2925 218 2983 tione
239 2921 493 3000 vocabulorum),
517 2940 604 2997 quam
626 2929 656 2984 et
678 2924 805 2997 quinque
827 2924 912 2996 hujm
933 2923 1030 2996 operis
1051 2922 1134 2980 libris
1156 2926 1186 2981 et
1210 2937 1245 2980 eo
1269 2921 1319 2995 qui

140 3025 272 3098 sequitur
290 3025 441 3084 tractavit:

210 3240 235 3309 1)
254 3239 343 3296 Sohol.
362 3240 395 3295 ad
412 3240 521 3297 Aristot
541 3242 630 3310 Categ.
657 3258 684 3310 p.
703 3243 763 3310 bob,
787 3243 821 3308 45
840 3257 880 3310 sq.
904 3240 1027 3295 Brandis
1056 3242 1112 3296 τῶν
1134 3239 1166 3294 δὲ
1189 3241 1319 3296 παλαιῶν

142 3329 169 3381 ot
194 3327 249 3398 μὲν
275 3323 396 3402 ἀνῄρουν
422 3324 468 3387 τὰς
494 3323 639 3394 ποιότητας
671 3328 780 3393 τελέως,
812 3323 842 3379 τὸ
883 3322 967 3381 ποιὸν
1004 3327 1211 3396 συγχωροῦντες
1237 3324 1318 3389 εἶναι,

143 3410 237 3485 ὥσπερ
265 3411 455 3480 Ἀντισθένης,
487 3411 517 3473 ὃς
543 3431 610 3466 ποτε
626 3406 756 3467 Πλάτωνι
782 3411 989 3483 διομηοιςβητῶν
1017 3403 1062 3476 „oi
1080 3403 1198 3466 Πλάτων
1206 3413 1228 3465 *9
1252 3409 1318 3479 ἔφη,

144 3500 253 3563 ,,ι’ππον
270 3498 325 3569 μὲν
343 3496 410 3571 ὁρῶ,
429 3495 565 3564 ἱππότητιι
584 3496 616 3550 δὲ
635 3495 686 3566 οὐχ
704 3492 790 3569 ὀρῶ“.
805 3528 835 3539 -
854 3494 921 3548 Ibid.
939 3512 966 3563 p.
986 3496 1045 3564 68¹),
1067 3496 1100 3550 25
1117 3510 1157 3562 sq.
1175 3525 1210 3533 —
1227 3493 1318 3547 Tzetz.

142 3581 254 3637 Chiliad.
273 3583 332 3651 VII,
350 3600 373 3636 v.
396 3585 446 3637 605
464 3599 504 3652 sq.
528 3613 562 3622 -
588 3584 709 3636 Ammon.
737 3582 765 3635 in
782 3581 914 3648 Porphyr.
939 3580 1009 3648 Isag.
1028 3583 1061 3634 22
1080 3580 1106 3649 b,
1130 3596 1209 3648 quern
1226 3578 1319 3633 laudat

142 3666 248 3737 Menag.
268 3668 303 3722 ad
320 3668 352 3722 D.
370 3666 403 3723 Ιι.
421 3668 471 3738 VI,
490 3672 529 3722 53.
561 3699 594 3707 —
622 3666 657 3721 cf.
676 3667 746 3721 Hist.
769 3665 836 3736 phil.
864 3665 908 3720 Gr.
932 3664 1168 3734 Ritter.11,131;
1194 3663 1318 3718 Brandis.

141 3751 176 3821 11,
196 3756 219 3820 1,
237 3756 284 3823 823
301 3752 398 3807 Zeller.
414 3753 449 3823 H,
468 3756 527 3808 212.

211 3837 237 3908 2)
254 3837 331 3908 Diog.
349 3837 381 3892 L.
399 3838 445 3908 VI,
463 3841 505 3893 39.
952 3902 956 3908 Ι

211 3924 237 3993 3)
255 3922 324 3977 ΡΙιιι.
353 3922 463 3978 Theaet
490 3926 540 3977 201
558 3921 591 3975 Ε.
610 3938 649 3990 sq.
676 3949 711 3960 —-
739 3924 792 3978 νῦν
818 3920 850 3976 δὲ
877 3918 1018 3978 ἀδύνατον
1045 3921 1116 3977 εἶναι
1143 3917 1237 3976 ὁτιοῦν
1263 3922 1319 3975 τῶν

144 4004 263 4078 πρώτων
289 4010 408 4081 ῥηθῆναι
435 4005 520 4079 λόγῳ·
550 4006 583 4061 οὐ
606 4005 660 4082 γὰρ
684 4007 754 4064 εἶναι
777 4006 850 4077 αὐτῷ
874 4005 931 4060 ἀλλ’
955 4003 973 4074 ἢ
999 4002 1188 4079 ὀνομάζεσθαι
1212 4000 1317 4076 μόνον·

145 4087 236 4166 ὄνομα
253 4090 307 4166 γὰρ
324 4090 416 4166 μόνον
432 4094 507 4163 ἔχειν
524 4122 565 4146 -.

212 4178 239 4247 4)
255 4177 360 4232 Arriam
379 4178 466 4247 Epict.
484 4178 598 4232 Dissert.
616 4179 636 4247 I,
657 4181 697 4232 17.
714 4178 890 4245 Ἀντισθένης
906 4179 981 4247 λέγει
999 4174 1041 4230 ὅτι
1059 4173 1129 4248 ἀρχὴ
1147 4170 1319 4235 παιδεύσεως

147 4259 160 4330 ἦ
177 4265 233 4320 τῶν
251 4258 395 4335 ὀνομάτων
411 4264 563 4331 ἐπίσκεψις.
