2866 4996
651 293 769 382 *40-

136 477 351 554 Phrynichus¹)
379 478 548 551 simpliciter
576 477 680 550 Cyrum
707 478 890 538 Antisthenis
917 477 1069 537 laudantes
1098 484 1148 537 aut
1177 481 1316 553 majorem

136 587 247 641 tantum
269 587 414 655 spectasse
435 587 486 640 aut
506 587 626 655 propter
648 583 864 642 similitudinem
879 581 1041 654 argumenti
1057 581 1114 640 duo
1136 581 1201 640 illos
1224 583 1316 642 libros

136 685 165 743 in
189 702 275 743 uuum
298 683 549 757 comprehendisse
571 685 721 757 videntum
744 686 829 744 simui
850 690 947 743 tamen
969 684 1070 752 Cicero
1092 685 1154 757 ipse
1176 685 1315 759 Diogenis

138 786 249 845 Laertii
283 786 478 845 testimonium
510 786 675 860 coufirmat,
715 805 779 847 cum
806 786 917 846 numeri
946 786 1038 845 additi
1075 784 1098 841 ιδ’
1120 781 1140 842 τ’
1177 789 1316 861 explicari

136 894 296 961 nequeant,
336 889 393 946 nisi
419 894 527 948 tomum
556 890 605 946 IV.
634 895 664 949 et
692 890 744 962 V.,
778 890 808 947 in
836 889 941 962 quibus
969 889 1026 948 duo
1054 889 1121 962 Cyri
1150 891 1313 963 exstabant,

136 989 291 1065 significari
314 996 432 1051 statuas.
475 991 648 1050 Accuratius
670 992 706 1050 dc
728 992 778 1064 iis,
802 1008 875 1064 quae
898 990 943 1048 his
965 991 1078 1050 dnobus
1101 991 1223 1065 dialogis
1245 1009 1313 1051 cou-

134 1093 316 1165 tiuebantur‚
344 1093 492 1167 disputare
514 1099 636 1166 propter
657 1095 844 1168 exiguitatem
872 1091 1098 1168 fragmentorum
1106 1092 1132 1171 ²)
1154 1110 1214 1153 non
1234 1095 1311 1154 iicet.

135 1195 287 1255 Servatum
309 1201 354 1255 est
374 1195 481 1254 dictum
503 1195 576 1253 illud
598 1196 820 1270 nobilissimum,
852 1201 954 1270 postea
975 1197 1063 1255 ctiam
1085 1197 1127 1277 ab·
1144 1195 1313 1257 Alexandro

135 1300 244 1372 Magno
259 1304 444 1372 usurpatum:
468 1289 624 1361 Βασιλικόν,
646 1287 667 1353 ά
680 1301 764 1373 Κῦρε,
785 1294 907 1374 πράττειν
919 1301 966 1372 μὲν
980 1287 1022 1362 εὖ,
1035 1302 1120 1363 κακῶς
1134 1295 1312 1378 deuotast).

135 1400 248 1461 Deinde
271 1401 349 1473 apud
361 1400 516 1459 Arseninm
527 1399 553 1478 ⁴)
576 1400 667 1473 Cyrus
688 1419 740 1460 rex
762 1403 968 1475 iuterrogatus,
992 1404 1016 1456 τι’
1037 1398 1252 1477 ἀναγκαιότατον
1274 1406 1312 1472 εἴη

133 1501 260 1576 μάθημα,
282 1502 452 1575 respondet:
476 1496 507 1559 sd
531 1498 689 1575 ἀπομαθεῖν
710 1499 742 1560 τά
766 1503 845 1564 κακά.
890 1505 973 1576 Quod
994 1505 1101 1564 dictum
1124 1523 1188 1565 cum
1210 1506 1312 1565 iisdem

135 1605 196 1665 iere
226 1606 321 1665 verbis
349 1604 515 1664 Antistheni
548 1605 744 1683 tribuatur⁵),
777 1609 808 1666 in
841 1607 916 1679 Cyro
947 1607 1130 1665 Antisthenis
1167 1609 1312 1668 exstitisse

135 1707 357 1768 existimandum
385 1713 437 1766 est.
499 1709 631 1782 Denique
665 1726 701 1768 ex
729 1709 882 1769 Athenaeo
890 1706 917 1784 ⁶)
952 1714 1131 1782 compertum
1162 1710 1312 1783 habemus

134 1810 337 1869 Antisthenen
358 1810 388 1867 in
405 1811 496 1870 altcro
512 1811 652 1884 Cprorum
674 1812 854 1871 maledixisse
876 1811 1035 1884 Alcibiadi,
1059 1813 1136 1885 quod
1157 1814 1312 1872 Persarum

135 1930 215 1972 more
238 1930 301 1972 cum
322 1917 430 1985 matre,
455 1913 527 1986 filia,
552 1931 651 1972 sorore
674 1914 887 1973 concumberet.
910 1946 968 1965 -.

219 2017 279 2074 lam
308 2031 507 2073 enumeremus
540 2017 669 2089 reliquos
701 2016 787 2089 hujus
815 2016 929 2089 generis
963 2016 1068 2089 libroS,
1107 2018 1155 2089 qui
1189 2018 1311 2077 aliorum

135 2134 249 2192 quoque
271 2119 445 2190 scriptorum
466 2119 638 2177 testimoniis
661 2117 882 2176 confirmantur:

219 2219 273 2297 28)
295 2219 371 2294 περὶ
397 2223 457 2276 τῶν
478 2222 651 2291 σοφιστῶν
677 2218 1012 2294 φυσιογνωμονικός.
1037 2220 1070 2296 (t.
1094 2220 1145 2297 ΙΙ.)
1189 2222 1233 2280 De
1256 2222 1311 2281 hoc

132 2322 207 2381 libro
223 2322 300 2396 apud
315 2321 532 2401 Athenaeum)
554 2324 690 2396 leguntur
711 2322 830 2381 haecce:
850 2317 1017 2392 Ἀντισθένης
1026 2321 1052 2398 ⁸)
1076 2320 1101 2376 ‹i’
1114 2327 1140 2379 ἐν
1157 2332 1310 2399 αιασιαητω-

133 2428 244 2498 μονικῴ·
281 2424 352 2501 „uui
377 2420 431 2500 γὰρ
458 2429 552 2482 ἐκεῖνον
579 2420 612 2481 τά
641 2422 769 2495 δελφάκια
797 2423 862 2500 πρὸς
887 2426 949 2496 βίον
972 2421 1171 2500 χορτάζοιισιίί.
1224 2427 1309 2486 Unde

133 2529 278 2602 conjicias,
300 2528 503 2587 Antistheuem
525 2545 706 2602 comparasse
728 2528 872 2601 sophistas
888 2528 1036 2602 discipulis
1058 2529 1116 2586 suis
1139 2529 1309 2602 sapientiam

132 2631 309 2690 inculcantes
331 2648 394 2689 oum
418 2632 508 2689 servis
530 2630 663 2704 porculos
685 2647 738 2703 per·
760 2631 817 2689 vim
840 2631 1047 2703 saginantibus.
1092 2630 1248 2689 Probabile
1266 2637 1311 2690 est

133 2739 229 2792 autem
251 2750 316 2792 eum
337 2734 443 2805 Zopyri
464 2739 566 2805 artem,
590 2735 639 2805 qui
662 2733 788 2791 Socratis
810 2737 906 2790 aetate
927 2733 1038 2805 primus
1060 2733 1171 2791 exstitit
1192 2732 1308 2806 physio-

133 2832 305 2910 gnomou⁹),
332 2834 370 2892 ad
392 2834 566 2894 deridendos
587 2835 731 2907 sophistas
752 2831 979 2911 adhibuisse¹⁰).

202 3001 226 3069 1)
244 3000 321 3055 Phot.
341 2999 468 3054 Biblioth.
491 3018 517 3068 p.
544 2999 628 3068 101b‚
653 3002 671 3053 4
695 3015 734 3067 sq.
758 3030 791 3038 -
815 2997 994 3065 Ἀντισθένην
1015 2995 1083 3070 μετὰ
1107 3002 1163 3057 τῶν
1185 3003 1308 3070 γνησίων

135 3087 222 3139 αὐτοῦ
241 3081 292 3139 du‘o
311 3082 402 3150 λόγων
419 3089 469 3139 τοῦ
487 3089 551 3155 περὶ
568 3081 663 3157 Κύρου
681 3087 728 3137 καὶ
746 3087 796 3137 τοῦ
813 3085 878 3155 περὶ
893 3081 1061 3142 Ὀδυσσείας.

200 3172 227 3240 2)
244 3171 324 3238 Apud
342 3170 502 3224 Winckelm.
520 3188 548 3238 p.
568 3174 599 3224 17
619 3186 658 3238 sq.
810 3236 812 3240 Α

200 3257 226 3326 3)
243 3257 348 3311 Arriam.
367 3256 456 3325 Epiet.
475 3255 588 3311 Dissert.
606 3255 652 3324 IV,
671 3255 695 3322 5,
713 3257 754 3308 20.
779 3258 806 3307 τί
823 3247 873 3310 οὖν
890 3255 964 3324 λέγει
978 3251 1158 3321 Ἀντισθένης,
1179 3253 1307 3308 οὐδέποτ’

132 3337 265 3410 ἤκουσας;
283 3337 477 3410 “,,βασιλικο’ν,
505 3335 526 3393 ὦ
547 3343 639 3414 Κῦρε,
658 3341 713 3392 κτλ.
742 3369 774 3380 ·-·
801 3339 835 3394 cf.
859 3339 898 3392 M.
922 3338 997 3402 Aur„
1011 3335 1138 3393 Antonin.
1162 3343 1212 3399 Εἰς
1234 3339 1306 3392 daur.

132 3428 178 3497 VI,
196 3430 237 3482 36.
795 3454 800 3464 ·
1008 3438 1014 3449 ·

200 3516 226 3583 4)
238 3508 328 3569 Ἰωνιά
345 3512 385 3567 ed.
404 3511 489 3566 Walz.
507 3527 533 3580 p.
552 3513 612 3564 502.
629 3540 663 3549 -
680 3509 714 3564 cl.
733 3508 831 3564 Philol.
850 3509 896 3563 VI.
914 3525 941 3577 p.
959 3511 1017 3562 578.
1035 3510 1094 3563 579.

199 3602 227 3666 5)
245 3599 321 3666 Diog.
339 3598 371 3652 L.
389 3597 435 3666 VI,
454 3601 477 3651 7.
500 3596 644 3670 ἐρωτηθεὶς
661 3601 688 3648 τί
703 3599 759 3652 τῶν
781 3590 957 3667 μαθημάτων
974 3590 1211 3664 ἀναγκαιότατον,
1241 3595 1306 3664 ἔφη,

133 3683 183 3752 „rt
202 3682 274 3738 κακὰ
291 3683 482 3756 ἀπομαθεῖν“.
502 3713 532 3722 -
562 3681 594 3735 cf.
615 3681 688 3736 Stob.
706 3681 779 3748 App.
801 3680 883 3734 eMs.
903 3679 976 3733 Flor.
996 3681 1036 3747 10,
1055 3681 1088 3743 33
1106 3696 1133 3748 p.
1152 3682 1211 3734 403.
1231 3680 1306 3734 Gais-

130 3771 197 3825 ford.

201 3858 226 3927 6)
244 3856 276 3925 V,
294 3872 321 3924 p.
340 3857 391 3908 220
409 3854 436 3908 C.
452 3851 627 3919 Ἀντισθένης
645 3850 707 3906 t’iv
724 3853 832 3923 θατέρῳ
850 3851 906 3905 τῶν
922 3845 1025 3923 Κάροιν
1042 3852 1205 3920 κακολογῶν
1219 3848 1307 3905 Ἀλκι-

130 3939 231 4010 βιάδην
249 3960 273 3995 κ.
291 3960 313 3994 τ.
331 3942 355 3991 λ.

199 4029 225 4096 7)
242 4025 314 4094 XIV,
332 4042 358 4092 p.
378 4025 428 4078 656
446 4023 476 4076 F.

198 4114 224 4180 8)
241 4112 283 4165 Ita
301 4111 371 4165 enim
388 4109 530 4163 lectionem
547 4106 682 4175 vulgarem
698 4101 864 4176 Ἀντιφάνης
882 4106 997 4160 correxit
1014 4105 1177 4160 Dindortius.

198 4197 225 4266 9)
243 4196 295 4250 Cic.
313 4195 354 4249 De
372 4195 440 4249 Fato
458 4209 480 4248 o.
500 4196 523 4247 5.
560 4193 668 4248 Tuscul.
686 4193 733 4262 IV,
752 4195 793 4246 37.

184 4281 225 4349 10)
242 4280 317 4336 Unus
335 4296 368 4334 ex
385 4279 535 4334 Phaedonis
554 4278 665 4346 dialogis
683 4276 879 4333 inscribebatur
895 4276 1017 4346 Zopyrus
1036 4276 1077 4346 (I).
1096 4275 1127 4331 L.
1145 4276 1180 4346 H,
1191 4275 1259 4344 105).
