2866 4996
693 277 730 334 10

123 467 185 521 tum
211 462 309 522 nescio
337 480 395 536 qua
423 462 459 522 de
482 464 604 542 causa¹)
633 465 805 523 Heracleam
832 464 945 524 venisse
973 462 1073 538 ibique
1101 471 1196 526 morte
1217 481 1305 527 oocu-

125 566 232 624 buisse.
276 566 414 625 Forsitan
433 565 465 624 id
486 583 601 640 quoque
623 566 781 627 concedere
803 583 862 627 non
883 565 1009 638 dubites,
1032 566 1099 625 odio
1120 567 1151 626 in
1174 569 1304 629 Socrads

124 673 320 729 accusatorem
348 669 536 729 Heracleotes
562 671 697 730 incitatos
723 686 804 742 esse,
834 675 867 729 ut
892 685 958 728 eum
985 675 1132 729 necarent.
1182 671 1229 730 Ex
1258 673 1304 733 bls

125 781 237 847 autem,
267 790 341 846 quae
368 775 507 834 historiae
534 773 592 833 lide
619 791 676 833 non
705 790 806 833 carere
832 774 982 843 videntur,
1017 779 1128 844 cetera,
1164 791 1240 847 quae
1268 775 1304 835 de

125 877 345 936 Atheniensium
367 878 546 950 poenitentia
567 884 598 937 et
614 878 650 937 de
671 877 887 936 accusatoribus
902 876 1030 935 Socratis
1051 875 1161 948 punitis
1182 877 1305 937 uadun-

125 986 187 1050 tur,
210 985 312 1052 postea
326 979 440 1037 demum
461 978 528 1038 licta
543 996 606 1038 esse
629 981 768 1053 suspicor.
802 979 932 1038 Primum
954 980 1030 1038 eninr
1051 985 1085 1038 ut
1099 979 1305 1052 explicaretur,

127 1099 178 1140 our
199 1082 313 1154 Anytus
335 1080 481 1153 protectus
503 1087 580 1140 esset
602 1082 785 1154 Heracleam,
808 1087 929 1155 propter
943 1082 1071 1142 Socratis
1092 1083 1305 1142 accusationem

127 1184 163 1242 ab
191 1182 418 1242 Atheniensibus
444 1185 475 1242 iu
502 1184 620 1242 exilium
647 1186 756 1257 ejectus
784 1201 847 1243 esse
875 1183 1037 1255 terebatur3
1066 1184 1171 1244 deiude
1198 1186 1305 1258 reliqui

127 1291 309 1344 accusatores
330 1302 367 1343 ne
389 1287 505 1357 impune
527 1286 648 1358 iujurias
669 1286 771 1344 tulisse
792 1287 970 1359 viderentur,
993 1286 1030 1345 ab
1052 1286 1124 1360 ipsis
1144 1285 1305 1346 Athenian·

128 1388 208 1446 sibus
231 1387 371 1459 supplicio
394 1387 489 1446 allecti
512 1403 575 1446 csse
596 1388 783 1461 putabantur.
812 1420 851 1431 -
882 1390 965 1447 Hanc
986 1390 1144 1461 rationem,
1174 1405 1233 1461 qua
1254 1405 1305 1448 no·

125 1490 193 1549 dum
215 1488 346 1561 expediri
368 1504 486 1561 censeo,
514 1507 582 1549 num
609 1490 773 1550 bominibus
795 1490 887 1550 doctis
910 1491 1086 1565 probaturus
1113 1492 1167 1549 sim
1189 1492 1303 1564 nesci03

125 1591 156 1649 id
185 1597 263 1651 certe
289 1607 459 1663 persuasum
487 1592 595 1669 habeo,
629 1593 660 1649 in
687 1593 737 1663 iis,
777 1608 851 1666 quae
885 1592 921 1652 de
954 1594 1076 1652 interitu
1103 1599 1304 1653 accusatorum

126 1694 253 1752 Socratis
275 1693 429 1751 memoriae
452 1694 569 1765 prodita
591 1700 667 1766 sunt,
691 1693 809 1752 subesse
831 1694 943 1766 aliquid
965 1697 1037 1754 certi
1059 1697 1195 1769 verique,
1226 1693 1304 1768 quod

126 1796 175 1868 qui
197 1795 429 1868 pernegaverint,
451 1794 560 1854 frustra
581 1795 764 1867 laborabunt,
787 1800 821 1854 ut
841 1801 886 1854 tot
907 1797 958 1855 illa
978 1803 1109 1857 veterum
1129 1799 1303 1871 scriptorum

126 1897 306 1968 testimonia,
345 1898 486 1969 imprimis
518 1899 657 1972 Diogenis
693 1899 804 1958 Laertii
843 1904 874 1957 et
908 1898 1075 1971 Themistii,
1112 1899 1305 1972 probabiliter

126 1999 280 2071 explicent.
324 1999 381 2058 Sed
403 1999 475 2058 baec
496 2001 645 2060 hactenus.
689 1999 852 2060 Redeamus
873 2000 911 2059 ad
933 1999 1145 2060 Antisthenem.

210 2101 366 2160 Probabile
394 2107 438 2161 est
466 2119 532 2162 eum
559 2107 673 2160 mortuo
703 2102 817 2161 demum
845 2102 963 2160 Socrate
992 2102 1120 2162 scholam
1146 2103 1305 2176 aperuisse,

129 2218 203 2274 quae
224 2208 327 2275 postea
340 2203 464 2275 Cynicae
487 2205 655 2276 cognomine
677 2208 788 2262 tantam
810 2203 917 2277 adepta
930 2209 975 2262 est
996 2203 1111 2262 lamam.
1138 2204 1193 2263 Hlo
1208 2210 1306 2264 autem

126 2309 256 2376 tempore
278 2309 396 2377 praeter
417 2305 543 2379 Lyceum
566 2311 596 2364 et
622 2304 808 2365 Academiam
835 2306 952 2365 tertium
980 2306 1160 2379 gymnasium
1181 2305 1307 2366 Athenis

128 2406 250 2464 maxime
273 2404 410 2478 florebat,
440 2407 636 2481 Cynosarges,
666 2408 744 2482 quod
771 2409 802 2466 in
830 2408 902 2467 colle
925 2412 993 2466 ante
1020 2413 1134 2480 portam
1155 2407 1306 2468 Diomeam

126 2508 157 2565 in
185 2507 288 2566 dextra
315 2509 390 2567 Ilissi
417 2510 482 2582 ripa
514 2512 600 2570 situm
634 2508 743 2587 srat²).
807 2510 852 2570 Ac
881 2511 999 2584 proprie
1034 2509 1214 2583 Cynosarges
1243 2514 1308 2571 erat

128 2612 229 2682 τέμενος
244 2611 362 2670 Herculi
378 2617 584 2684 consecratum,
607 2612 657 2684 qui
671 2613 712 2671 ibi
726 2613 865 2685 templum
879 2611 1008 2671 babebat
1022 2618 1051 2671 et
1065 2628 1124 2671 una
1137 2629 1202 2670 oum
1214 2612 1307 2684 Hebe,

128 2711 275 2784 Alcmene,
298 2713 382 2772 Jolao
398 2713 556 2773 colebatur.
584 2714 706 2773 Veteres
721 2721 817 2773 autem
833 2715 989 2787 scriptores
1011 2712 1177 2788 narrant³),
1201 2714 1305 2772 Diomo

127 2813 239 2872 cuidam
269 2814 347 2873 domi
375 2831 444 2873 suae
471 2815 590 2875 Herculi
618 2815 789 2875 sacrificium
822 2814 940 2874 facienti
968 2832 1067 2875 canem
1097 2816 1222 2874 hostiam
1249 2817 1306 2875 eri·

127 2916 239 2990 puisse,
267 2921 396 2990 ereptam
422 2933 456 2976 eo
483 2917 562 2989 loco,
591 2934 648 2992 quo
675 2923 777 2992 postea
803 2917 983 2990 Cynosarges
1011 2921 1090 2990 erat,
1122 2917 1305 2991 deposuisse;

128 3017 209 3076 illum
231 3033 300 3078 vero
320 3019 426 3077 timore
448 3017 583 3078 affectum
604 3019 781 3078 consuluisse
802 3020 950 3079 oraculum
973 3024 1003 3078 ct
1024 3036 1060 3078 ex
1081 3035 1221 3093 responso
1244 3020 1306 3094 eJ'us

130 3136 164 3178 eo
187 3120 250 3193 ipso
280 3121 343 3180 loco
370 3121 509 3194 templum
536 3119 703 3181 aedificasse
725 3122 854 3180 Herculi.
899 3121 984 3180 Unde
1006 3137 1110 3180 nomen
1133 3121 1307 3196 Cynosargis

129 3227 222 3281 ortum
251 3238 313 3281 csse
340 3222 454 3295 uolunt,
490 3223 567 3296 quod
594 3229 645 3282 aut
678 3241 696 3283 a
727 3223 875 3283 vocabulis
901 3216 969 3279 aruir
997 3216 1081 3297 duydc
1108 3227 1158 3282 aut
1184 3239 1203 3281 a
1230 3216 1308 3288 κυνός

129 3323 224 3416 ottones
246 3325 364 3384 ductum
386 3341 449 3383 esse
470 3331 583 3399 putant.
621 3326 678 3385 Sed
699 3331 779 3385 recte
793 3326 988 3397 Goettlingius
997 3324 1023 3401 ⁴)
1045 3326 1098 3384 has
1120 3324 1307 3400 etymologias

200 3525 223 3593 l)
243 3525 309 3579 Cum
325 3525 432 3594 Anytus
450 3525 496 3579 illo
515 3530 634 3593 tempore
658 3541 712 3579 una
734 3540 794 3579 cum
812 3523 981 3593 Thrasybulo
1004 3523 1105 3591 primas
1122 3522 1151 3576 in
1167 3523 1307 3591 republica

132 3615 224 3679 ageret
240 3616 331 3678 partes
351 3640 382 3648 -
410 3610 533 3678 atquae
560 3609 592 3663 de
619 3625 650 3664 eo
677 3609 811 3664 luculente
829 3608 955 3677 exposuit
981 3607 1091 3662 Carolus
1116 3606 1231 3662 Scheibe
1256 3608 1307 3677 (Da

131 3696 256 3764 oligarch.
274 3696 373 3749 Athen.
392 3712 418 3763 p.
439 3698 488 3749 106
507 3694 557 3764 sq.)
583 3724 617 3734 —
643 3694 721 3748 facile
743 3693 801 3748 fleri
823 3695 923 3763 potuit,
946 3698 988 3762 ut,
1013 3709 1067 3762 qua
1085 3700 1144 3747 erat
1160 3693 1308 3762 cupiditate

133 3781 216 3850 prisci
232 3781 396 3849 reipublicae
419 3782 524 3849 generis
541 3780 713 3849 restituendi,
742 3781 768 3835 in
789 3780 884 3834 ciuium
911 3796 1020 3834 suorum
1045 3780 1194 3835 incurreret
1219 3779 1308 3835 odium

131 3881 216 3935 eaque
234 3867 324 3935 potius
347 3866 380 3920 de
398 3881 480 3920 causa
503 3881 582 3934 quam
601 3872 711 3934 propter
738 3865 856 3920 Socratis
886 3865 1083 3919 accusationem
1109 3865 1252 3935 aliquando
1279 3866 1307 3920 in

123 3952 243 4008 ¹anilium
259 3953 299 4006 ire
317 3958 464 4021 cogeretur.
950 3968 952 3975 ·
1027 3973 1031 3981 ·

199 4057 226 4123 2)
245 4053 283 4107 cf.
303 4052 457 4120 Goettlingii
475 4057 643 4106 commentat.
661 4052 688 4105 in
707 4050 774 4104 actis
792 4066 845 4106 soc.
865 4051 915 4105 litt.
934 4049 1008 4118 Lips.
1030 4053 1104 4105 1854.
1122 4067 1150 4120 p.
1172 4053 1280 4106 14-27.

198 4157 224 4226 3)
243 4155 282 4210 Cf.
300 4156 373 4209 locos
392 4169 459 4222 quos
476 4154 618 4222 Menagius
636 4152 670 4208 ad
687 4154 765 4222 Diog.
784 4153 816 4206 L.
836 4153 881 4223 VI,
902 4155 933 4206 13
951 4152 1065 4220 collegit.

198 4259 224 4329 4)
242 4260 259 4313 l.
277 4257 294 4311 l.
313 4275 339 4325 p.
357 4261 399 4310 20.
