2866 4996
637 316 788 407 -.2³1-

127 503 244 578 negavit
274 519 328 562 nec
366 502 522 576 quidquam
558 501 714 578 significari
749 502 839 561 voluit
875 500 930 559 nisi
967 517 1019 559 sua
1053 500 1179 574 quidque
1212 501 1304 575 ipsius

127 605 289 681 notione¹).
318 605 364 663 Ex
387 621 443 678 quo
465 603 589 664 efficitur
610 606 735 678 primum
750 620 862 663 ornnem
884 603 1141 663 contradictionem
1162 620 1195 663 ao
1209 620 1302 677 paene

127 726 238 768 omnem
266 724 394 767 errorem
421 708 484 767 tolli
493 705 535 785 ²),
565 707 670 767 deinde
698 724 796 766 rerum
823 706 995 780 simplicium
1022 706 1068 766 vol
1095 706 1301 765 elementorum

127 810 337 882 definitionem,
368 811 474 884 quippe
502 825 576 883 quae
604 810 702 883 plures
730 809 938 882 complectatur
963 814 1060 882 notas,
1103 808 1216 867 admitti
1244 825 1302 868 non

128 912 257 991 posse⁸).
283 945 320 955 —
343 913 405 972 Has
419 912 508 986 igitur
530 912 689 972 sententias
703 911 890 971 Antisthenes
911 911 997 985 libro,
1020 913 1069 985 qui
1090 910 1304 970 inscribebatur

123 1007 268 1091 Ἀλάθεια,
293 1015 459 1089 exposuisse
480 1012 640 1091 videtur⁴).

210 1118 258 1177 Ad
286 1117 409 1177 eundem
439 1118 533 1176 locum
566 1117 653 1176 etiam
685 1133 735 1177 eos
772 1117 821 1190 qui
855 1122 1014 1190 sequnntur
1042 1116 1217 1191 pertinuisse
1245 1115 1301 1190 ipsi

126 1222 204 1282 tituli
225 1220 368 1280 indicant:

212 1322 244 1400 8)
267 1323 342 1398 περὶ
367 1324 428 1380 τοῦ
455 1323 689 1398 διαλέγεσθαι
711 1319 974 1399 άντιλομικόςῧ).

212 1427 244 1505 9)
265 1423 394 1482 Σάθων
415 1415 433 1494 ἧ
453 1425 531 1499 περὶ
552 1427 611 1482 τοῦ
633 1424 818 1499 ἀντιλέγειν
840 1420 928 1500 a'ss'y'.
978 1424 1034 1484 1110
1062 1424 1136 1483 liber
1158 1423 1303 1483 Athenaei

127 1544 241 1602 quoque
276 1528 447 1588 testimoniis
456 1525 482 1605 ⁸)
511 1527 711 1588 confirmatur:
771 1529 862 1601 Quom
890 1533 990 1587 contra
1021 1526 1186 1598 Platonem,
1222 1526 1303 1599 cujus

128 1648 231 1689 nomen
254 1633 456 1704 paronomasia
478 1632 548 1689 satis
570 1632 677 1705 agresti
699 1628 1043 1703 1151115151111211051,
1067 1629 1196 1688 omisisse
1217 1628 1303 1687 Anti-

195 1834 219 1900 1)
236 1831 313 1899 Diog.
330 1829 363 1885 L.
382 1830 428 1899 VI,
447 1834 471 1884 3.
495 1828 604 1901 πρῶτός
626 1850 654 1886 τε
672 1829 790 1905 ὡρίσατο
813 1827 897 1894 λόγον
921 1825 1020 1886 εἰπών·
1044 1825 1127 1901 λόγος
1144 1828 1219 1884 ἐστὶν
1237 1824 1251 1881 ὃ
1271 1824 1302 1880 τὸ

126 1921 153 1970 τί
168 1911 202 1983 ἦν
218 1913 236 1984 ἢ
253 1917 311 1971 ἔστι
328 1917 428 1984 δηλῶν.
464 1916 498 1970 ci.
518 1917 607 1972 Schol.
626 1918 654 1971 in
671 1918 782 1970 Aristot.
800 1933 827 1985 p.
847 1917 924 1983 2561),
946 1918 985 1968 12.
1002 1914 1128 1969 Brundis.

192 2002 218 2070 2)
235 2003 345 2056 Ariston
372 2001 493 2071 Mesapn.
517 2007 544 2056 A
561 2005 608 2072 aa,
637 2006 731 2070 roam,
759 2004 800 2056 32.
827 1999 872 2054 «55
899 1999 1071 2067 macrescis
1100 1994 1167 2069 ᾤετο
1193 1993 1300 2065 εὐήθως

123 2087 215 2159 μηθὲν
232 2086 319 2148 ἀξιῶν
336 2089 468 2158 λέγεσθαι
485 2085 559 2155 πλὴν
581 2093 617 2157 τῷ
637 2091 728 2156 οῖκείῳ
747 2083 820 2156 λόγῳ
842 2085 874 2142 ἓν
891 2086 937 2156 ἐφ’
957 2081 1034 2144 ἑνός·
1052 2086 1081 2146 ἐξ
1098 2073 1138 2140 ὧν
1156 2087 1300 2152 συνέβαινε

124 2169 163 2243 μὴ
181 2171 251 2228 εἶναι
269 2170 435 2243 ἀντιλέγειν,
458 2171 559 2242 σχεδὸν
577 2173 609 2226 δὲ
626 2172 699 2244 μηδὲ
717 2168 881 2240 ψεύδεσθαι.
900 2202 934 2210 -
953 2170 1042 2226 Schol.
1062 2169 1095 2224 ad
1112 2169 1140 2222 h.
1156 2167 1174 2221 1.
1185 2184 1211 2236 p.
1222 2171 1300 2236 732⁸,

126 2259 160 2310 26
182 2273 222 2326 sq.
247 2263 273 2312 et
301 2274 327 2326 p.
346 2259 424 2326 7332,
451 2260 484 2311 23
508 2273 547 2325 sq.
580 2257 619 2312 ed.
643 2256 764 2311 Brundis.
790 2286 824 2294 -
850 2256 943 2325 Topic.
972 2263 1001 2310 Λ
1020 2261 1063 2325 11,
1088 2256 1166 2323 1041),
1194 2256 1236 2307 20.
1261 2250 1303 2306 δτι

129 2341 180 2394 οὐκ
202 2343 276 2398 ἔστιν
299 2341 466 2413 ἀντιλέγειν,
494 2339 624 2415 καθάπερ
654 2343 709 2413 ἔφη
736 2340 913 2407 Ἀντισθένης.
942 2372 977 2382 -
1012 2339 1100 2395 Schol.
1124 2339 1158 2394 ad
1183 2338 1209 2392 h.
1240 2339 1256 2392 l.
1275 2355 1301 2406 p.

126 2429 205 2494 roob,
226 2431 258 2481 14
276 2443 316 2496 sq.
335 2428 375 2481 ed.
393 2427 514 2482 Brundis.
531 2458 566 2466 —
589 2427 658 2481 Plat.
676 2425 792 2497 Euthyd.
810 2429 861 2487 285
879 2442 932 2495 sq,
956 2425 1052 2495 Cratyl.
1070 2425 1172 2492 4291),
1191 2423 1301 2478 Τ115551.

125 2514 174 2565 201
194 2513 226 2567 D.
246 2528 302 2581 sq,
330 2513 516 2582 8551151251
535 2513 565 2568 B.
585 2529 638 2582 sq,
672 2512 777 2566 Phileb.
806 2515 838 2564 14
856 2511 883 2565 O.
907 2541 941 2549 —
977 2511 1056 2579 Diog.
1083 2510 1115 2563 L.
1134 2509 1181 2575 IX,
1208 2511 1249 2563 53.
1268 2539 1302 2549 -

127 2595 211 2651 Procl.
230 2598 258 2651 in
276 2598 346 2652 0151.
365 2602 406 2652 37.
428 2628 457 2637 -
477 2598 597 2652 1111111.
617 2597 682 2666 phil.
703 2597 862 2651 (11.1111151.
881 2597 915 2666 H,
933 2613 960 2665 p.
980 2595 1118 2655 13015011.
1137 2594 1193 2664 11),
1218 2594 1301 2649 Bran·

124 2681 171 2737 dis.
190 2683 229 2751 11,
250 2684 272 2735 1.
296 2701 324 2752 p.
344 2687 376 2737 81
396 2701 444 2753 sq,
463 2683 609 2751 Ζ51151Π,
627 2699 652 2751 p.
672 2687 723 2737 210
741 2682 812 2751 (edit.
830 2683 883 2752 Π.)
930 2681 1006 2749 Quod
1023 2697 1085 2735 vero
1103 2681 1301 2737 Winckelman·

123 2783 173 2821 nus
194 2769 230 2836 (p.
249 2769 292 2837 35)
310 2768 584 2824 Schleiormacherum
607 2784 722 2837 sequens
741 2773 844 2837 censet,
868 2767 1020 2834 Platonem,
1044 2766 1090 2821 ubi
1113 2765 1219 2821 refellat
1236 2766 1301 2822 Pro·

123 2854 232 2921 tagorae
250 2853 397 2909 Veritatem
419 2854 546 2924 (Euthyd.
563 2857 614 2908 286
632 2854 665 2922 0,
684 2852 780 2923 Cratyl.
806 2856 857 2906 386
875 2853 902 2907 0.
935 2853 1037 2922 3910,
1074 2851 1301 2907 1155511710.

128 2941 176 2993 161
196 2939 238 3008 Ο),
265 2941 434 2995 Antisthenis
460 2941 550 3008 potius
581 2940 680 2994 librum
704 2939 893 3008 perstringere,
921 2937 948 2992 id
974 2943 1085 3006 propter
1110 2937 1299 3009 diversitatem,

126 3042 194 3094 quae
212 3027 282 3080 inter
299 3034 441 3096 utrumqne
459 3027 622 3095 intercessit,
641 3042 693 3080 non
711 3025 887 3094 probaverim.

193 3113 219 3179 3)
236 3113 347 3167 Aristot.
366 3112 487 3181 Metaph.
505 3117 536 3165 H
552 3115 575 3180 3,
596 3114 690 3180 10431),
708 3114 741 3163 23
761 3127 799 3178 sq.
827 3107 895 3163 ὥστε
921 3105 937 3174 ἡ
964 3106 1083 3178 ἀπορία,
1112 3104 1144 3176 ἢν
1168 3110 1195 3162 ot
1215 3107 1301 3165 Ἀντι-

124 3200 246 3252 σθένειοι
264 3201 310 3250 καὶ
329 3199 356 3250 ot
374 3195 459 3256 οὕτως
476 3195 638 3250 ἀπαίδευτοι
656 3195 797 3269 ἠπόρουν,
820 3195 878 3265 ἔχει
895 3191 956 3249 τινὰ
977 3189 1091 3264 καιρόν,
1116 3191 1158 3247 ὅτι
1176 3192 1227 3248 οὐκ
1244 3194 1303 3248 ἔστι

124 3278 153 3333 τὸ
172 3286 199 3332 τί
215 3281 290 3337 ἔστιν
307 3279 458 3354 ὁρίσασθαι
481 3279 539 3348 (τὸν
555 3280 609 3352 γάρ
629 3279 697 3354 ὅρον
713 3277 800 3351 λόγον
817 3279 889 3334 εἶναι
905 3273 1027 3350 μακρόν)
1052 3275 1120 3331 ἀλλὰ
1143 3283 1226 3334 ποῖον
1247 3283 1303 3350 μέν

125 3371 152 3417 τί
173 3365 246 3422 ἔστιν
269 3367 409 3436 ἐνδέχεται
432 3370 479 3419 καὶ
502 3362 630 3431 διδάξαι,
660 3363 754 3437 ὥσπερ
776 3360 914 3437 ἄργυρον,
939 3367 967 3415 τί
985 3367 1040 3434 μέν
1062 3362 1152 3428 ἔστιν,
1183 3358 1233 3429 οὕ,
1260 3361 1302 3417 ὅτι

126 3450 152 3502 δ’
172 3444 232 3507 οἷον
249 3458 409 3523 καττίτερος.
429 3449 491 3504 ὥστ’
503 3449 598 3510 οὐσίας
615 3451 673 3504 ἔστι
690 3451 745 3522 μὲν
763 3439 793 3516 ἧς
811 3448 948 3518 ἐνδέχεται
968 3448 1038 3504 εῖναι
1057 3445 1125 3518 δρον
1142 3451 1188 3500 καὶ
1206 3444 1302 3517 λόγον,

127 3531 187 3593 οἷον
204 3538 250 3603 τῆς
268 3541 415 3602 συνθέτου,
434 3531 484 3592 ἐάν
500 3554 529 3590 τε
547 3533 662 3602 αἰσθητὴ
680 3532 730 3591 ἐάν
747 3553 776 3589 τε
793 3532 874 3602 νοητὴ
892 3528 921 3606 ᾖ·
944 3533 973 3594 ἐξ
991 3521 1031 3589 ὧν
1049 3533 1074 3586 δ’
1093 3531 1161 3599 αὕτη
1176 3530 1302 3604 πρώτων,

130 3621 180 3675 οὐκ
198 3622 282 3678 ἔστιν.
299 3652 334 3660 -
351 3621 421 3675 Ρ151.
441 3621 552 3675 Tbeaet.
571 3623 621 3675 201
640 3621 664 3673 Ε
683 3636 722 3688 sq.
746 3618 801 3691 ἐγὼ
818 3618 870 3690 γὰρ
889 3612 924 3672 αὖ
943 3616 1062 3675 ἐδόκουν
1079 3614 1192 3674 ἀκούειν
1209 3622 1301 3684 τινῶν,

127 3706 169 3761 ὅτι
195 3705 228 3760 τά
250 3708 305 3780 μὲν
329 3710 426 3778 πρῶτα
455 3709 593 3780 οίυνπερεὶ
620 3712 756 3776 στοιχεῖα,
785 3707 814 3769 ἐξ
840 3694 880 3761 ὦν
906 3702 984 3777 ἡμεῖς
1008 3724 1037 3760 τε
1060 3709 1232 3776 συγκείμεθα
1255 3707 1303 3757 καί

127 3790 225 3864 τᾶλλα,
248 3793 331 3860 λόγον
355 3792 406 3847 οὐκ
431 3794 497 3862 ἔχοι.
521 3790 588 3846 αὐτὸ
611 3790 665 3864 γάρ
684 3791 748 3845 καθ’
767 3789 833 3845 αὐτὸ
851 3791 968 3848 ἕκαστον
985 3787 1125 3863 ὀνομάσαι
1141 3786 1232 3863 μόνον
1250 3793 1302 3856 εἴη,

126 3889 284 3956 προςειπεῖν
302 3881 334 3935 δὲ
352 3877 437 3934 οὐδὲν
455 3873 521 3931 dito
540 3875 675 3944 δυνατόν,
695 3873 757 3931 οὔθ’
777 3874 813 3937 ὥς
830 3879 905 3934 ἔστιν
923 3873 985 3932 οὔθ’
1005 3874 1040 3937 ὡς
1058 3876 1109 3931 οὐκ
1126 3876 1201 3933 ἔστιν
1210 3894 1234 3929 κ.
1244 3893 1266 3928 τ.
1278 3877 1302 3930 λ.

194 3968 221 4035 4)
238 3967 328 4022 Etiam
348 3967 472 4021 Simmiae
489 3964 635 4032 scripserat
652 3966 716 4036 περὶ
734 3961 865 4029 ἀληθείας
882 3964 968 4033 (Diog.
986 3964 1017 4018 L.
1034 3964 1069 4033 Π,
1090 3964 1157 4032 124).

194 4052 220 4119 5)
238 4052 338 4106 Simoni
356 4051 524 4106 tribuebatur
540 4049 610 4103 libor
626 4053 690 4118 περὶ
709 4051 758 4102 τοῦ
777 4048 956 4119 διαλέγεσθαι
974 4049 1050 4119 (ibid.
1071 4050 1139 4116 123).

194 4137 221 4204 6)
238 4137 271 4200 V,
289 4140 340 4191 220
352 4137 385 4191 D.
404 4140 450 4189 καὶ
468 4131 605 4191 Πλάτωνα
622 4130 816 4207 μετονομάσας
829 4130 954 4190 Σάθωνα
972 4131 1081 4208 άσάρως
1098 4138 1145 4187 καὶ
1163 4134 1302 4204 φορτικῶς

126 4219 174 4277 τὸν
191 4218 291 4289 ταύτην
309 4223 408 4293 ἔχοντα
426 4219 475 4288 τὴν
493 4218 653 4292 ἐπιγραφὴν
671 4216 806 4290 διάλογον
823 4219 938 4282 ἐξέδωκε
957 4220 1014 4273 κατ’
1034 4218 1128 4274 αὐτοῦ.
1147 4249 1181 4258 -
1203 4217 1237 4272 cf.
1255 4216 1302 4285 XI,
