2866 4996
718 281 758 338 45

661 369 814 379 ..ἡ-

240 464 294 542 29)
316 465 391 539 περὶ
412 462 634 536 δικαιοσύνης
655 468 710 524 καὶ
738 465 892 544 ἀνδρείας
914 467 1160 544 προτρεπτικός
1180 468 1324 544 πρῶτος,

154 563 321 642 δεύτερος,
360 570 477 642 τρίτος.
533 569 566 645 (t.
603 570 655 647 Π.)
731 570 901 631 Ambrosius
937 573 1027 632 verba
1065 573 1123 647 περὶ
1159 569 1326 640 δικαιοσύνης

156 669 201 725 καὶ
233 657 351 741 diopetas
379 672 466 745 plane
494 673 616 745 omittit,
655 674 742 745 idque
771 673 897 747 probant
923 675 1098 735 Huebnerus
1125 681 1155 734 et
1175 674 1324 735 Winckel-

149 789 280 831 mannus.
325 773 383 832 Sed
409 773 487 832 hunc
513 774 607 847 ipsum
634 775 749 835 titulum
777 777 815 835 ad
837 776 1039 836 Antisthenem
1062 775 1260 849 referendum,
1283 776 1325 834 al-

149 880 244 934 terum
271 881 373 949 postea
400 876 514 935 demum
541 877 670 937 additum
699 895 763 938 esse
791 879 927 939 arbitror.
971 880 1005 938 In
1033 880 1077 937 his
1099 879 1221 952 dialogis
1243 884 1273 938 et
1293 879 1325 936 in

149 978 280 1037 veritate
301 979 423 1038 maxime
446 981 614 1052 apparuisse
637 979 762 1054 Gorgiae
784 981 961 1041 rhetoricum
984 980 1098 1041 dicendi
1120 999 1226 1054 genus,
1253 981 1324 1039 Dio·

150 1097 237 1153 genes
259 1081 396 1139 Laertius
418 1079 479 1157 (Vl,
497 1082 525 1158 1)
548 1080 699 1153 affirmat;‚
712 1082 788 1141 unde
810 1081 917 1142 factum
939 1100 1001 1143 esse
1024 1084 1134 1156 opinor,
1158 1089 1190 1142 ut
1211 1088 1325 1141 veteres

150 1182 328 1254 grammatici
355 1200 392 1242 ex
418 1183 454 1241 iis
476 1184 636 1256 complures
659 1201 744 1243 voces
766 1186 926 1258 singulares
948 1184 1162 1263 colligerent¹).
1208 1184 1264 1243 Sed
1287 1184 1323 1243 de

150 1290 319 1357 argumento
343 1301 443 1343 eorum
465 1302 501 1344 ex
522 1286 568 1343 his
590 1285 758 1359 fragmentis
780 1287 852 1345 nihil
872 1288 939 1347 elici
962 1293 1067 1360 potest.
1110 1287 1324 1359 Protrepticnm

148 1391 244 1445 autem
265 1387 302 1447 ab
324 1388 457 1446 Jsocrate
478 1389 636 1461 perstringi
658 1406 746 1462 snpra
768 1389 808 1466 (p.
836 1392 883 1462 18,
907 1391 938 1464 2)
961 1390 1253 1449 commemoravimus.

234 1488 287 1566 30)
310 1489 384 1563 περὶ
408 1486 590 1564 θεόγνιδος
617 1487 640 1545 δ’
662 1489 690 1549 ε’.
714 1491 747 1568 (t.
771 1493 821 1566 II.)
864 1492 925 1550 Hos
948 1491 1004 1549 duo
1027 1491 1157 1564 dialogos
1178 1493 1266 1550 etiam
1287 1508 1324 1550 ex

147 1591 393 1664 Protreptioornm
421 1609 527 1666 genere
555 1590 643 1652 fuisse
669 1593 799 1652 indicant
825 1594 938 1652 numeri
965 1593 1057 1651 additi
1081 1590 1135 1666 δι’,
1159 1594 1323 1667 optimeque

147 1692 178 1750 id
199 1709 264 1751 curn
284 1695 397 1778 ratione
420 1696 626 1753 sententiarum
639 1696 816 1768 Theognidis
838 1695 981 1767 convenit,
1004 1711 1075 1767 quas
1089 1701 1206 1770 praeter
1226 1694 1323 1753 omnia

147 1795 283 1853 virtutem
304 1796 504 1856 commendare
532 1798 602 1856 satis
624 1803 745 1856 constat.
790 1798 888 1856 Etiam
910 1798 1073 1870 Xenophon
1096 1798 1132 1856 de
1155 1797 1322 1870 Theognide

147 1896 253 1955 librum
282 1897 407 1957 edidisse
434 1895 536 1956 fertur.
585 1899 695 1972 Magna
725 1904 788 1958 erat
817 1900 894 1957 enim
919 1898 1063 1970 Theognis
1092 1899 1169 1973 apud
1194 1897 1322 1957 Graecos

146 2000 318 2059 auctoritate
340 2007 370 2061 et
391 2018 457 2059 cum
478 2001 619 2074 Homero,
638 2002 782 2074 Hesiodo,
806 2001 870 2059 aliis
892 2017 910 2059 a
931 2002 1029 2073 pueris
1051 2001 1140 2059 edisci
1163 2001 1275 2060 solebat
1283 1999 1320 2075 ²).

233 2102 286 2178 31)
305 2099 480 2162 Ἀσπασία.
503 2103 537 2180 (t.
560 2104 607 2178 V.)
650 2105 685 2163 In
706 2104 761 2164 hoc
782 2104 858 2163 libro
879 2103 1081 2162 Antisthenem
1102 2104 1223 2162 Periclis
1244 2102 1321 2176 filiis,

145 2205 314 2278 Xanthippo
337 2212 365 2266 et
387 2207 508 2278 Paralo,
531 2205 713 2265 maledixisse
738 2205 906 2265 Athenaeus
929 2210 1029 2265 auctor
1052 2211 1096 2265 est
1105 2205 1141 2282 ³),
1162 2206 1321 2280 eodemque

146 2309 292 2378 pertinere
315 2309 451 2368 videntur
480 2325 553 2381 quae
576 2309 633 2366 alio
654 2307 752 2386 loco⁴)
775 2309 811 2367 de
834 2309 944 2368 Pericle
967 2314 997 2368 et
1018 2308 1143 2382 Aspasia
1164 2310 1234 2382 ipsis
1256 2326 1321 2368 enm

146 2426 279 2469 narrasse
323 2416 535 2470 commemorat.
606 2410 765 2470 Aeschines
810 2428 924 2484 quoque
965 2411 1128 2470 Socraticus
1169 2410 1321 2483 Aspasiam

147 2514 356 2586 conscripserat
365 2512 405 2590 ⁵),
427 2531 463 2573 ex
486 2531 543 2587 qna
564 2531 629 2573 oum
649 2514 821 2573 Plutarchus
830 2510 856 2589 ⁶)
879 2513 983 2572 similia
1002 2512 1168 2586 sumpserit,
1191 2513 1321 2571 homines

146 2615 223 2673 docti
245 2615 322 2688 apud
337 2616 519 2675 Athenaeum
534 2616 627 2692 (XIII,
653 2617 760 2692 589Ε)
784 2614 914 2686 Αἰσχίνης,
935 2632 993 2673 non
1007 2606 1172 2684 Ἀντισθένης
1193 2616 1321 2675 scriben-

147 2718 214 2776 dum
236 2736 299 2778 esse
318 2720 456 2792 suspicati
478 2724 554 2778 suut.
600 2719 657 2778 Sed
678 2719 803 2792 primum
824 2717 908 2779 facile
930 2716 996 2776 fiori
1017 2719 1123 2791 potuit,
1144 2724 1178 2778 nt
1197 2723 1321 2792 uterque

147 2820 269 2878 eandem
297 2839 359 2880 rem
392 2827 541 2892 narraret;
570 2822 675 2881 deinde
696 2821 865 2881 Athenaeus
894 2821 923 2879 h.
945 2820 965 2877 l.
988 2820 1019 2879 id
1041 2825 1154 2881 tantum
1176 2821 1215 2880 ab
1235 2820 1320 2879 Anti-

147 2921 248 2980 sthene
271 2928 417 2982 mutuatus
440 2940 502 2982 esse
525 2923 653 2997 videtur,
689 2924 766 2997 qnod
787 2923 929 2982 Periclem
950 2924 995 2982 bis
1018 2923 1147 2996 quotidie
1168 2923 1322 2996 Aspasiam

146 3024 247 3083 risisse
269 3025 368 3096 tradit,
391 3024 422 3083 id
442 3042 511 3083 vero
534 3026 584 3083 illo
596 3026 745 3085 Plutarchi
766 3026 829 3084 loco
846 3041 904 3083 non
919 3031 1173 3096 commemoratum
1196 3025 1319 3097 reliqua,

146 3141 219 3197 quae
241 3127 373 3185 similiter
394 3144 429 3186 ac
449 3127 623 3186 Plutarchus
645 3128 680 3187 de
703 3129 885 3187 accusatione
907 3126 1049 3200 Aspasiae
1071 3132 1180 3200 narrat,
1203 3127 1319 3185 minime

146 3244 262 3286 necesse
284 3236 329 3289 est
350 3230 517 3289 Antistheni
539 3229 751 3290 adscribantur.

149 3346 351 3358 ——u-

215 3413 239 3479 1)
258 3411 299 3464 Cf.
319 3411 392 3467 locos
410 3427 477 3481 quos
494 3429 520 3481 p.
539 3414 581 3481 28,
600 3415 615 3466 3
634 3411 747 3466 laudavi.

213 3518 240 3583 2)
259 3515 298 3569 dt.
317 3516 437 3584 Tbeogn.
455 3515 496 3568 ed.
516 3514 651 3570 Welcker.
668 3532 695 3584 p.
712 3513 831 3581 LXXII3
848 3513 945 3566 Bernh.
965 3511 1034 3566 ilist
1053 3512 1103 3567 litt.
1122 3511 1167 3566 Gr.
1184 3512 1205 3581 I,
1223 3529 1250 3581 p.
1270 3515 1319 3582 7¹3

144 3599 178 3669 11,
197 3604 220 3670 1,
238 3617 265 3669 p.
283 3603 343 3655 456.
361 3601 432 3668 (edit.
451 3600 496 3669 11.)

214 3705 240 3771 3)
258 3704 290 3773 V,
308 3721 335 3773 p.
353 3705 454 3758 2101).
480 3701 496 3771 ἡ
524 3701 689 3758 δ”Λσπασία
712 3703 768 3758 τῶν
793 3703 960 3774 Περικλέους
985 3702 1055 3756 υἱῶν
1078 3701 1248 3760 Ξανθίππου
1272 3701 1319 3752 καὶ

145 3785 278 3862 Παράλου
297 3787 430 3858 διαβολὴν
447 3788 587 3861 (περιέχει)
605 3806 630 3840 κ.
648 3806 670 3840 τ.
689 3789 712 3840 l.

212 3893 238 3958 4)
256 3891 329 3960 XIII,
348 3909 374 3960 p.
385 3891 478 3945 589E.
493 3890 664 3956 Ἀντισθένης
683 3890 714 3944 δὲ
734 3886 748 3942 ὁ
763 3886 941 3962 Σωκρατικὸς
958 3887 1111 3959 ἐρασθέντα
1129 3889 1216 3957 φησιν
1233 3886 1319 3943 αὐτὸν

144 3976 292 4045 (Periclem)
314 3976 466 4037 Ἀσπασίας
484 3977 526 4035 δὶς
543 3979 590 4043 τῆς
607 3972 711 4047 ἡμέρας
729 3973 846 4038 εἰςιόντα
865 3977 911 4026 καὶ
930 3973 1037 4037 ἐξιόντα
1056 3972 1102 4027 ἀπ’
1122 3971 1206 4039 αὐτῆς
1224 3968 1317 4026 ἀσπά-

145 4065 242 4124 ζεσθαι
256 4061 305 4130 τὴν
322 4058 482 4135 ἄνθρωπον.
502 4092 533 4103 -
557 4061 591 4116 cf.
610 4060 681 4115 Plut.
700 4062 754 4115 vit.
773 4061 869 4115 Pericl.
887 4077 909 4114 c.
927 4064 969 4115 24.

212 4168 238 4234 5)
256 4165 289 4218 D.
307 4165 338 4220 L.
357 4165 391 4234 Il,
409 4168 450 4220 ol.
468 4195 502 4203 —
519 4165 618 4220 Athen.
637 4165 669 4232 V,
687 4181 714 4233 p.
733 4168 785 4218 220
801 4164 833 4217 Β.

212 4271 237 4338 6)
255 4269 309 4324 vit.
327 4267 423 4322 Pericl.
442 4284 464 4322 c.
484 4270 525 4322 32.
