2866 4996
716 289 756 348 43

149 476 232 543 sistat
258 474 314 533 uisi
341 474 373 533 in
400 475 556 548 prudentia
583 471 794 554 (φρονήσειν),
826 474 956 549 sequitur
982 475 1107 549 primum
1134 482 1167 536 ut
1193 493 1252 536 una
1276 491 1323 536 ea·

150 578 273 651 demque
300 577 456 651 sitneque
483 579 514 637 in
541 580 637 638 varias
669 585 768 652 partos
795 577 984 639 distrahenda
992 576 1032 655 ²),
1069 578 1173 639 deinde
1201 584 1234 638 ut
1261 594 1325 639 eam

150 681 261 749 discere
275 679 468 757 -possimos⁸).
513 681 596 754 Quod
616 681 658 740 ita
680 681 725 754 dt,
755 687 788 741 ut
808 681 968 741 laborando
990 682 1067 741 vires
1089 698 1273 741 exerceamus
1295 687 1325 761 et

150 783 351 843 fortitudinem
372 783 452 841 iliam
473 784 561 842 animi
583 781 693 861 (ἰσχύι)
721 784 837 858 assequi
860 784 1039 856 studeamus3
1070 801 1139 857 ergo
1167 784 1250 844 labor
1272 785 1323 844 bo·

152 904 220 947 num
242 890 287 945 est
295 883 331 962 ⁴).
376 886 431 958 Qui
452 902 521 946 vero
548 886 627 945 illam
655 888 701 946 vei
728 887 865 946 virtutem
886 885 932 944 vel
959 885 1143 958 prudentiam
1164 888 1210 946 vel
1237 887 1325 946 animi

151 987 350 1048 fortitudinem
378 989 501 1061 adeptus
528 995 587 1060 est,
621 1006 675 1049 neo
703 989 859 1062 quidquam
888 988 1002 1062 quaerit
1037 987 1196 1066 aliunde⁵),
1230 1005 1325 1062 neque

151 1107 278 1164 uuquam
299 1089 350 1148 illa
370 1091 502 1164 privatur
511 1087 548 1168 ⁶),
571 1107 624 1150 neo
645 1090 707 1150 falli
728 1096 834 1165 potest,
857 1107 911 1150 nec
931 1088 1065 1150 fortunae
1083 1107 1115 1150 se
1129 1089 1324 1167 committit²),

151 1193 275 1266 donique
297 1193 375 1253 solua
397 1193 511 1252 nomine
534 1193 638 1267 diguus
660 1199 704 1252 est
725 1193 871 1267 sapientis.
888 1224 931 1235 -
953 1193 1033 1253 Haeo
1054 1199 1099 1253 est
1120 1194 1216 1254 brevis
1238 1209 1326 1267 quae·

153 1295 218 1354 dam
245 1294 427 1355 adumbratio
450 1311 564 1370 eorum,
593 1313 667 1369 quae
696 1295 885 1355 Antisthenes
910 1295 1001 1369 libro,
1036 1297 1085 1369 qui
1113 1296 1326 1356 inscribebatur

152 1397 306 1468 Hercules,
333 1402 514 1471 exposuerat.

236 1500 338 1573 Neque
366 1499 459 1557 solum
486 1500 620 1559 Herculis
654 1501 785 1574 exemplo
817 1501 1006 1574 comprobare
1037 1500 1162 1572 studuit,
1196 1501 1326 1560 laborem

153 1602 364 1673 essebonum,
385 1600 452 1661 sed
488 1601 575 1661 stiam
608 1602 675 1676 Cyri
707 1603 824 1676 majoris
856 1604 955 1662 attulit
989 1604 1206 1676 auctoritatem,
1240 1618 1325 1676 quem

152 1703 238 1777 apud·
254 1703 418 1763 Socraticos
444 1703 475 1762 in
503 1720 614 1762 summa
640 1703 728 1763 fuisse
755 1704 841 1764 laude
869 1705 1071 1779 Xenophontis
1094 1721 1208 1778 quoque
1232 1699 1326 1779 Κύρου

152 1805 267 1861 Παιδεία
289 1804 454 1865 testimonio
477 1809 530 1864 est.
555 1838 593 1849 -
624 1806 769 1880 Diogenes
791 1812 888 1866 autem
909 1807 1045 1867 Laertius
1066 1807 1123 1867 dno
1143 1807 1235 1866 libros
1256 1824 1326 1868 eno-

152 1912 260 1968 morat:

238 2009 292 2087 26)
314 2010 436 2084 Κῦρος.
460 2009 493 2088 (t.
516 2010 580 2087 IV.)

238 2112 292 2190 27)
314 2113 428 2186 Κῦρος
448 2107 466 2173 οἳ
486 2111 559 2186 περὶ
579 2113 768 2184 βασιλείας.
799 2112 833 2191 (t.
856 2113 905 2191 V.)
949 2112 1016 2173 Alio
1037 2114 1100 2172 loco
1123 2118 1327 2173 commemorat

154 2213 335 2284 Antisthenis
357 2215 497 2273 minorem
520 2214 676 2293 (tyrow),
705 2235 740 2276 ex
768 2233 825 2289 quo
853 2215 994 2287 efficitur,
1021 2221 1054 2275 ut
1080 2216 1167 2274 etiam
1188 2217 1327 2289 majorem

153 2318 297 2377 exstitisse
319 2333 494 2376 censeamus
537 2318 675 2378 Fortasse
696 2319 760 2391 ille,
784 2319 833 2392 qui
855 2335 920 2376 cum
941 2318 1066 2378 Hercule
1087 2318 1197 2392 majore
1219 2322 1328 2377 tomum

151 2419 201 2479 IV.
225 2418 397 2491 complebat,
419 2418 512 2491 major
532 2419 754 2493 inscribebatur,
778 2422 852 2480 aiter
868 2421 949 2498 (tom.
963 2419 1012 2495 V.)
1028 2420 1130 2477 minor.
1160 2417 1328 2479 Athenaeus

153 2536 267 2594 quoque
300 2520 357 2579 duo
391 2520 481 2592 Cyros
509 2518 692 2581 Antisthenis
720 2522 873 2595 distinguit
882 2519 918 2599 ⁹).
983 2518 1135 2597 cicero10)
1169 2528 1265 2582 autern
1298 2526 1329 2581 et

157 2657 359 2667 *—

224 2755 333 2825 1)Ibid.
352 2759 393 2810 13.
413 2761 499 2826 τεῖχος
517 2752 728 2828 ἀσφαλέστατον
744 2749 886 2826 φρόνησις.
906 2751 939 2806 of.
957 2750 1054 2807 Zeller.
1071 2752 1105 2821 Π,
1124 2755 1183 2806 221.

219 2862 246 2928 2)
265 2858 355 2914 Schol.
373 2858 448 2927 Lips.
467 2858 501 2915 ad
516 2859 549 2912 ΙΙ.
569 2854 603 2924 o',
622 2860 679 2911 123.
704 2854 879 2922 Ἀντισθένης
896 2859 997 2926 φησίν,
1024 2850 1070 2920 ὥς,
1089 2858 1116 2909 εἴ
1140 2873 1166 2907 τι
1183 2849 1327 2929 πράττιιό

153 2939 252 3015 σοφός,
271 2941 340 2997 κατὰ
356 2947 452 3001 πᾶσαν
470 2941 568 3018 ἀρετὴν
584 2943 741 3015 ένεργεῐ.-
758 2941 834 3010 Diog.
845 2939 933 3008 LVI,
953 2943 994 2993 12.
1013 2936 1114 3014 ἀνδρὸς
1132 2941 1179 2993 καλ
1196 2937 1329 3010 γυναικὸς

153 3025 170 3094 ἡ
189 3025 257 3096 αὕτη
276 3024 365 3102 ἀρετή.

222 3134 248 3200 3)
265 3131 345 3199 Diog.
363 3132 396 3185 L.
415 3130 466 3200 VI,
486 3133 543 3186 105.
568 3129 679 3201 ἀρέσκει
695 3127 820 3188 &adroic
844 3129 890 3181 καὶ
912 3124 961 3195 την
983 3124 1081 3201 ἀρετὴν
1098 3122 1231 3195 διδακτὴν
1248 3126 1329 3193 εἶναι,

154 3212 231 3272 καθά
247 3233 335 3290 φησιν
349 3216 520 3285 Ἀντισθένης
537 3216 568 3272 έν
586 3219 623 3285 τῷ
637 3212 782 3287 Ἡρακλεῖ,
801 3216 848 3267 καὶ
865 3209 1061 3282 ἀναπόβλητον
1078 3207 1220 3284 ὑπάρχειν.
1239 3210 1273 3266 of.
1288 3215 1328 3266 lo.

221 3320 248 3390 4)
265 3319 333 3375 Ibid.
351 3324 376 3375 2.
399 3322 447 3373 καὶ
464 3315 540 3373 ὅτιὸ
566 3313 653 3377 πόνος
671 3314 782 3388 ἀγαθὸν
799 3319 946 3383 συνέστησε
968 3312 1016 3368 διὰ
1034 3316 1084 3368 τοῦ
1100 3309 1225 3387 μεγάλου
1240 3310 1328 3383 Ἡρο-

155 3407 249 3465 κλέοος
267 3408 315 3458 καλ
332 3407 381 3458 τοῦ
397 3400 494 3477 Κάροο
513 3422 536 3457 κ.
555 3422 576 3456 τ.
595 3406 619 3455 λ.

221 3507 385 3577 5)Ibid.11.
404 3502 524 3579 αὐτάρκη
542 3511 563 3559 τ’
574 3504 644 3562 εἶναι
662 3503 710 3561 τὸν
727 3500 831 3574 σοφόν·
849 3499 941 3560 πάντα
958 3500 1013 3575 γὰρ
1031 3498 1117 3555 αὑτοῦ
1135 3496 1255 3556 εἶναιτὰ
1272 3502 1328 3555 τῶν

154 3588 251 3649 ἄλλων.
271 3593 306 3648 of.
325 3597 367 3648 12.

221 3697 247 3766 6)
264 3696 331 3751 Ibid.
351 3698 391 3749 12.
410 3695 444 3750 of.
463 3698 552 3748 annot.
571 3692 595 3743 3.

221 3800 247 3870 7)
263 3798 331 3854 Ibid.
350 3800 407 3851 105.
434 3792 597 3869 άξιεριιστόν
618 3813 646 3849 τε
663 3792 712 3851 τὸν
734 3791 827 3866 σοφὸν
848 3796 895 3846 καλ
912 3788 1106 3865 ἀναμάρτητον
1124 3792 1170 3843 καὶ
1188 3791 1273 3861 φίλον
1290 3792 1328 3860 τρῖ

155 3881 242 3956 ὁμοίῳ
265 3880 333 3959 τάχη
351 3901 379 3938 τε
395 3882 485 3955 μηδὲν
502 3882 666 3955 ἐπιτρέπειν.

221 3987 247 4056 8)
264 3986 298 4056 11,
308 3989 350 4042 61.
361 3983 429 4039 ἀλλὰ
447 3988 493 4038 καὶ
505 3982 754 4042 τοῖνἈντισθένους
765 3979 815 4038 τόν
832 3999 860 4035 τε
877 3973 1327 4054 μικρὸνΚῦρον-έσκεοάρηται,

222 4088 249 4157 9)
266 4089 299 4158 V,
315 4105 343 4158 p.
361 4091 413 4142 220
430 4088 458 4141 C.
474 4086 646 4152 Ἀντισθένης
663 4084 726 4140 δ’έν
743 4087 850 4155 θατέρῳ
868 4086 923 4140 τῶν
939 4078 1048 4155 Κύρων.

205 4189 247 4258 10)
264 4190 352 4259 Epist.
370 4189 404 4244 ad
420 4191 475 4243 Att.
495 4187 556 4257 XII,
573 4189 615 4241 38.
639 4189 751 4262 „Kripoc
768 4182 816 4239 σ’ς’
840 4185 904 4239 mihi
921 4185 960 4240 sio
977 4183 1079 4256 placent
1096 4187 1127 4237 ut
1144 4188 1234 4239 cetera
1250 4181 1326 4238 Anti·

153 4273 273 4332 sthene
291 4282 342 4330 etc.
