2866 4996
696 308 733 363 51

124 495 319 556 Alexandrini
347 496 441 555 locum
450 493 475 571 ²)
505 493 612 568 affero,
646 496 696 555 uhi
723 495 846 570 Cynicus
868 495 984 554 Amoris
1012 494 1191 553 divinitatem
1218 498 1305 566 negat

129 601 251 674 ejusque
281 597 396 656 nomine
424 597 673 670 perturbationem
701 599 789 657 animi
815 598 933 656 humani
955 595 1110 669 significari
1130 596 1200 655 vult.
1244 595 1304 654 Au-

125 701 262 760 tisthenis
291 704 388 758 autem
415 700 537 772 vestigia
564 702 655 759 secuti
683 707 750 758 suut
772 701 917 773 Diogenes
945 704 974 758 et
999 699 1115 769 Crates,
1145 715 1304 771 perquem

126 804 284 876 allegorica
318 803 350 859 in
386 802 564 875 explicandis
595 801 701 861 fabulis
737 804 812 861 ratio
847 801 885 859 ad
912 801 1024 860 Stoicos
1056 805 1216 874 propagata
1249 806 1302 860 111.

128 906 264 965 Ceterum
285 903 474 963 Antisthenes
503 903 660 962 secundum
681 909 772 963 totam
793 904 993 978 philosophiae
1016 903 1139 976 Cynicae
1161 904 1303 961 rationem

126 1008 282 1081 praecipue
312 1006 436 1065 ethicam
462 1007 733 1079 interpretationem
755 1007 792 1066 ad
814 1007 878 1064 illas
900 1004 1014 1064 fabulas
1037 1005 1202 1064 adhibuisse
1224 1004 1303 1063 vide-

125 1116 184 1168 tur.
229 1108 281 1167 Cui
307 1109 351 1167 rei
381 1125 445 1167 cum
474 1109 496 1166 ii
524 1108 607 1180 libri,
640 1109 744 1181 quibus
771 1109 927 1168 Herculem
955 1113 988 1166 11
1014 1108 1130 1166 virtutis
1158 1107 1304 1180 exemplar

127 1212 312 1284 depinxerat,
346 1215 408 1268 tum
441 1210 518 1268 tituli
554 1211 743 1282 plurimarum
781 1210 1052 1270 commentationum
1086 1209 1304 1269 Homericarum

126 1313 292 1372 testimonio
321 1317 388 1371 1111
396 1310 432 1387 ²).
482 1312 618 1385 Sumptae
647 1314 723 1371 eninr
749 1330 800 1373 eae
829 1318 912 1372 erant
933 1313 1087 1385 praecipue
1109 1328 1145 1370 ex
1167 1311 1304 1384 Odyssea,

128 1432 202 1488 quae
237 1416 331 1490 magis
359 1432 445 1487 quam
472 1415 540 1483 Ilias
567 1414 661 1474 locum
688 1415 739 1474 dat
765 1417 801 1475 de
828 1415 956 1473 moribus
984 1413 1159 1487 disputandi.
1202 1414 1304 1487 Neque

127 1524 235 1589 tamen,
259 1517 333 1576 sicut
354 1517 530 1589 posteriores
552 1519 740 1590 grammatici,
763 1518 911 1592 perpetuis
933 1517 1147 1575 commentariis
1168 1533 1302 1590 persecu·

127 1626 174 1679 tus
201 1625 246 1679 est
271 1623 401 1692 po'c'tam,
430 1619 481 1677 sed
511 1619 608 1692 potius
636 1620 763 1693 singulos
784 1621 862 1679 locos
884 1619 979 1692 elegit,
1003 1618 1108 1691 quibus
1130 1619 1303 1692 interpreta-

127 1722 214 1780 tionis
243 1722 416 1794 allegoricae
447 1722 578 1794 exempla
606 1722 790 1798 1111111111)
835 1725 897 1796 Qua
918 1739 987 1781 vero
1009 1722 1174 1780 rationein
1196 1722 1250 1780 hac
1271 1738 1303 1781 re

127 1829 258 1882 versatus
280 1825 327 1894 sit,
349 1839 413 1880 curn
435 1823 540 1896 exigua
561 1829 672 1882 tautum
694 1831 808 1885 exstent
821 1826 1040 1884 Homericorum
1057 1825 1118 1897 ejus
1133 1821 1303 1897 fragmenta,

128 1926 293 1984 accuratius
323 1926 429 1997 exponi
457 1927 566 1998 nequit.
611 1926 702 1985 Paulo
729 1927 847 1986 uberius
874 1927 983 1986 scholia
1012 1926 1049 1984 ad
1072 1925 1174 1998 Odyss.
1219 1923 1254 1999 ο’,
1286 1930 1301 1984 1

127 2026 308 2085 Antisthenis
338 2008 510 2085 sententiam
538 2026 573 2086 de
601 2027 811 2103 significatione
833 2028 963 2089 vocabuli
985 2024 1151 2101 πολύτροπος
1173 2027 1302 2099 tradunt,

128 2127 178 2186 ubi
201 2143 373 2200 quamquam
400 2128 490 2188 verba
510 2129 572 2201 1111
594 2129 641 2189 hic
662 2130 722 2189 illic
744 2135 854 2189 mutata
876 2148 938 2190 esse
961 2130 1109 2201 videntur,
1138 2134 1236 2189 tamen
1258 2129 1304 2189 vel

129 2246 144 2288 e
177 2229 297 2301 singulis
325 2230 465 2288 orationis
495 2231 631 2290 membris
666 2233 763 2291 statim
790 2232 927 2306 Cynicum
960 2239 1090 2293 nostrum
1119 2249 1256 2307 agnosces
1265 2230 1303 2308 ⁴).

128 2334 215 2392 Patet
244 2338 353 2403 autem,
385 2349 450 2391 eum
472 2333 587 2392 Ulixem
610 2351 724 2408 quoque
747 2340 780 2393 11
800 2335 919 2394 virtutis
941 2336 1088 2409 exemplar
1109 2335 1302 2408 proposuisse.

128 2435 205 2493 Nam
232 2434 360 2506 epitheto
388 2429 554 2507 πολύτροπος
574 2436 751 2496 Laertiaden
776 2453 835 2495 non
863 2438 1003 2511 appellari
1029 2438 1159 2497 dolosum
1181 2438 1227 2496 vel
1248 2437 1302 2494 im·

131 2536 268 2610 probum,
291 2536 377 2594 immo
401 2538 571 2609 sapientiam
594 2539 656 2611 ejus
677 2538 792 2596 laudari
814 2544 844 2597 et
865 2539 943 2597 illam
959 2555 1059 2599 vocem
1074 2557 1131 2598 uon
1146 2537 1183 2596 ad
1199 2555 1303 2611 mores,

130 2638 181 2696 sed
208 2638 245 2697 ad
273 2636 388 2696 dicendi
415 2636 581 2697 facultatem
608 2638 713 2698 reterri
740 2641 816 2712 vult,
852 2641 894 2700 ita
920 2649 953 2700 ut
974 2641 1116 2716 significet
1142 2656 1223 2712 eum,
1254 2641 1303 2713 qui

129 2740 167 2797 ad
194 2739 322 2812 singulos
344 2738 474 2798 homines
497 2757 657 2801 sermonem
678 2749 757 2802 recte
780 2743 990 2816 accommodet3
1020 2760 1106 2817 quarn
1128 2744 1303 2816 interpreta-

129 2841 236 2899 tionem
251 2830 351 2902 ¹hodic
379 2860 436 2902 non
465 2843 549 2904 facile
578 2846 729 2918 quisquam
756 2846 902 2918 probabit.
946 2846 1122 2920 Sapientiam
1144 2845 1239 2905 Ulixis
1265 2844 1303 2903 ob

129 2962 193 3005 eam
215 2962 329 3017 quoque
351 2963 411 3004 rem
433 2946 541 3018 laudat,
565 2946 642 3019 quod
657 2953 795 3020 reputans
814 2964 919 3021 secum,
942 2955 1071 3008 amantes
1084 2949 1176 3006 multa
1187 2947 1303 3006 mentiri

131 3054 160 3105 et
181 3048 350 3120 promittere
373 3065 448 3120 quae
468 3048 532 3108 fieri
553 3053 713 3121 nequeant,
742 3049 881 3123 Calypsus
901 3049 1147 3109 immortalitatem
1170 3051 1197 3108 ei
1219 3049 1302 3122 polli-

134 3150 225 3208 centis
253 3165 354 3221 preces
381 3166 439 3207 non
462 3147 655 3226 audiverit⁵);
682 3149 809 3223 itemque
838 3152 1009 3224 gloriantem
1031 3168 1111 3223 eum,
1133 3168 1170 3209 ne
1192 3151 1303 3223 Neptu·

132 3268 200 3309 num
223 3250 339 3322 quidem
354 3249 486 3324 Cyclopis
501 3252 615 3310 oculum
630 3257 798 3311 sanaturum
810 3268 881 3324 esse,
904 3253 941 3310 ab
956 3253 1168 3326 imprudentiae
1183 3252 1302 3311 crimine

130 3350 273 3423 defendit,
297 3352 374 3424 quod
397 3353 477 3424 sciat,
500 3354 667 3426 Neptunum
687 3370 745 3412 non
765 3370 827 3412 esse
847 3353 998 3426 medicum,
1021 3353 1072 3412 sed
1093 3353 1257 3426 Apollinem
1265 3349 1302 3428 ⁸).

200 3604 224 3668 1)
244 3600 338 3654 Strom.
356 3601 390 3668 Π,
408 3603 450 3655 20.
469 3618 495 3669 p.
510 3603 568 3655 485.
588 3602 687 3656 Potter.
705 3632 738 3641 -
757 3598 807 3658 τόν
824 3620 851 3656 τε
868 3601 956 3675 ἔρωτα
975 3606 1076 3659 κακίαν
1093 3604 1162 3674 φησὶ
1180 3599 1303 3673 φύσεως·

131 3674 161 3753 ἧς
178 3684 272 3754 ἥττους
290 3679 365 3744 ὄντες
383 3688 410 3739 11
428 3686 631 3759 κακοδαίμονες
648 3685 717 3743 θεὸν
733 3684 782 3754 τὴν
798 3684 884 3743 νόσον
902 3689 1041 3743 καλοῦσιν.

197 3771 365 3840 2111111111
386 3786 491 3839 quoque
509 3773 591 3841 (Orat.
610 3773 670 3841 VH,
688 3773 788 3842 1091,
807 3776 857 3827 215
877 3772 904 3843 C,
923 3777 974 3828 217
991 3774 1025 3841 A)
1049 3778 1214 3843 auctorest,
1242 3789 1302 3829 eum

128 3856 234 3912 fabulas
253 3857 287 3912 ad
304 3859 475 3926 quaestiones
494 3858 595 3913 ethicas
614 3858 774 3913 adhibuisse.

197 3942 222 4011 3)
240 3944 316 4012 Diog.
335 3943 427 4014 Chrys.
446 3944 463 3997 l.
481 3944 499 3997 l.
529 3943 587 3996 ἀλλ’
616 3942 630 3997 ὁ
657 3945 712 4015 μὲν
739 3943 789 3997 οὐκ
816 3940 992 4017 ἐξειργάσατο
1020 3941 1105 4000 αὐτὸν
1132 3941 1190 4014 (τὸν
1206 3939 1302 4015 λόγον)

130 4027 195 4081 οὐδὲ
214 4029 277 4081 καθ’
295 4028 412 4084 ἕκαστον
429 4033 485 4087 τῶν
502 4031 548 4083 ent
564 4033 667 4101 μέρους
684 4026 829 4096 ἐδήλωσεν.

197 4113 223 4182 4)
242 4113 280 4167 Cf.
300 4117 327 4167 οἱ
344 4112 376 4166 δὲ
394 4117 479 4183 σοφοὶ
498 4113 675 4184 1111111111.
695 4143 729 4153 -
746 4113 778 4169 ἓν
794 4112 848 4186 γὰρ
865 4116 901 4183 τῷ
920 4112 1023 4183 ἑκάστῳ
1042 4117 1151 4170 οἰκεῖον.

199 4198 225 4267 5)
245 4197 333 4252 Schol.
353 4197 386 4251 ad
404 4196 500 4264 Odyss.
521 4195 554 4267 ε’,
572 4202 622 4252 211
642 4206 669 4253 et
686 4197 723 4268 η’,
742 4200 801 4253 257.

197 4282 222 4351 6)
241 4282 330 4339 Schol.
350 4282 384 4337 ad
401 4282 448 4337 od.
468 4279 493 4351 ι’,
512 4285 570 4337 525.

987 4317 1098 4421 ,υ
