2866 4996
464 575 540 658 ΠΙ.
578 574 747 687 Scripta
777 578 970 688 physica.

222 814 273 892 17)
296 813 375 885 περὶ
397 811 480 880 ζώων
501 807 642 885 φύσεως.
686 816 743 874 Hic
770 816 845 875 liber
872 816 1006 876 exstabat
1027 817 1057 874 in
1078 821 1157 875 tomo
1178 817 1234 888 H.‚
1262 833 1309 877 re·

132 920 204 994 liqui
226 920 255 977 in
279 924 358 977 tomo
379 917 442 976 VII.

221 1022 272 1094 18)
295 1019 372 1094 περὶ
400 1020 459 1075 τοῦ
485 1013 689 1078 ἀποθανεῖν.

219 1125 269 1197 19)
290 1121 364 1196 περὶ
393 1123 474 1191 ζωῆς
500 1121 554 1178 καὶ
581 1112 786 1197 θανᾶτουι).

214 1223 267 1301 20)
290 1223 363 1294 περὶ
385 1227 447 1280 τῶν
469 1228 499 1281 ἐν
521 1221 613 1294 ᾅδου.
652 1225 751 1283 Etiam
770 1226 954 1284 Democritus
976 1232 1005 1285 et
1019 1226 1196 1299 Protagoras
1217 1227 1309 1286 libros

129 1328 257 1403 eiusdem
291 1326 368 1384 tituli
397 1327 566 1400 ediderant,
600 1328 704 1400 quibus
743 1327 894 1386 historiam
926 1345 1041 1400 corum,
1078 1330 1128 1402 qni
1163 1346 1228 1387 cnm
1255 1329 1311 1387 visi

128 1436 225 1490 essent
252 1429 358 1487 mortni
393 1429 423 1487 in
450 1430 539 1488 vitam
567 1429 732 1501 redierunt,
762 1446 913 1488 enarrasse
941 1428 1075 1489 feruntur
1083 1428 1120 1507 ²).
1170 1432 1309 1489 Fortasse

129 1549 198 1592 vero
226 1531 415 1590 Antisthenes
447 1531 478 1589 in
506 1533 671 1591 universum
703 1531 740 1590 de
774 1532 954 1604 conditione,
988 1550 1045 1607 qua
1072 1538 1170 1593 essent
1202 1533 1310 1591 mortui

128 1634 206 1708 apud
227 1631 349 1704 inferos,
372 1638 481 1706 egerat.
526 1634 591 1693 Huc
613 1632 768 1692 referenda
789 1640 834 1693 est
855 1635 905 1694 illa
927 1637 1071 1693 sententia
1093 1637 1169 1708 ejus,
1198 1636 1310 1693 animas

129 1742 308 1796 mortuorum
330 1735 394 1806 pari
416 1733 509 1793 forma
530 1752 593 1794 csse
615 1742 701 1808 atque
724 1753 859 1808 corpora,
882 1737 913 1794 in
937 1737 1042 1810 quibus
1064 1736 1307 1813 habitaverint⁸).

215 1837 268 1914 21)
290 1834 365 1909 περὶ
387 1834 517 1906 φύσεως
539 1833 608 1908 a'd.
669 1838 736 1897 Sine
759 1837 847 1897 dubio
870 1839 917 1896 hic
938 1838 1012 1897 liber
1034 1839 1110 1898 idem
1133 1845 1192 1910 est,
1221 1856 1308 1912 quem

131 1939 234 2000 Cicero
263 1943 293 1997 et
321 1938 491 1999 Lactantius
518 1940 667 2013 appellant
693 1940 856 2012 Physicum.
891 1940 1080 2000 Antisthenes
1102 1958 1136 1999 eo
1159 1941 1308 2014 vulgarem

132 2041 168 2100 de
200 2039 317 2098 numine
357 2041 454 2099 divino
490 2043 670 2116 impugnavit
702 2043 866 2115 opinionem
912 2042 1011 2102 dicens
1047 2043 1203 2117 populares
1239 2043 1310 2102 deos

130 2143 251 2214 multos,
274 2143 437 2202 naturalem
458 2161 547 2202 unum
570 2161 632 2203 osse
641 2142 677 2220 ⁴).
720 2145 754 2202 In
777 2143 879 2203 codem
900 2144 989 2216 libro,
1019 2151 1052 2203 ut
1073 2161 1137 2204 cum
1159 2145 1307 2204 Winokel·

129 2260 234 2303 manno
262 2243 403 2318 arbitror,
431 2244 517 2306 deum
544 2246 634 2304 oculis
662 2247 741 2306 cerni
768 2251 819 2304 sut
852 2247 986 2318 cuiquam
1013 2247 1135 2305 similem
1165 2264 1227 2306 esse
1258 2263 1309 2305 ne-

129 2347 222 2419 gavit3
247 2347 433 2418 quamobrem
453 2348 596 2407 neminem
611 2367 646 2408 cx
662 2348 815 2406 simulacro
837 2364 903 2406 eum
925 2364 1098 2421 cognoscere
1119 2347 1251 2425 posse⁵).
1268 2383 1310 2390 —

132 2449 267 2509 Ceterum
289 2451 350 2508 sine
373 2450 479 2510 idonea
501 2467 587 2509 causa
607 2450 866 2509 Winckelmannus
888 2458 1006 2510 auctore
1028 2450 1059 2510 (l.
1076 2452 1125 2509 Fr.
1142 2451 1312 2510 Hermanno

129 2552 207 2610 hunc
228 2552 344 2610 titulum
365 2552 452 2624 plane
475 2553 591 2614 sustulit
614 2571 678 2612 eum
700 2555 750 2626 qui
771 2555 902 2626 seqnitur
925 2559 1037 2612 tantum
1058 2554 1235 2626 relinquens.

201 2804 225 2872 1)
244 2802 370 2857 Simmiae
388 2801 523 2869 dialogum
540 2803 604 2874 περὶ
623 2804 690 2868 ζωῆς
708 2807 896 2856 commemorat
912 2802 945 2854 D.
965 2800 996 2854 L.
1015 2801 1049 2866 Il,
1069 2804 1126 2854 124.

199 2906 225 2971 2)
245 2903 282 2958 cf.
309 2903 438 2958 Mullach.
465 2904 588 2957 Democr.
614 2903 708 2971 fragm.
739 2921 766 2973 p.
793 2907 928 2957 113.114.
965 2903 1043 2970 Frey.
1071 2903 1179 2971 Quaest.
1204 2905 1312 2973 Protsg.

133 2993 267 3045 180.181.

124 3153 126 3157 Α
201 3093 226 3162 3)
245 3091 334 3146 Schol.
353 3091 447 3146 Venet.
466 3091 500 3146 ad
518 3091 593 3146 Iliad.
615 3089 654 3162 ψ’,
673 3094 713 3146 65.

411 3187 505 3260 „vilda
524 3193 548 3246 d*
556 3195 602 3247 int
619 3191 696 3266 ψυχὴ
713 3196 893 3266 Πατροκλῆος
910 3195 1038 3250 δειλοῖοιι

132 3298 263 3354 ἐντεῦθεν
284 3295 460 3364 Ἀντισθένης
484 3292 681 3368 ὁμοσχήμονάς
704 3311 773 3366 φησι
801 3294 846 3355 τὰς
874 3295 966 3367 ψυχὰς
995 3303 1050 3357 τοῖς
1073 3302 1233 3371 περιέχουσι
1254 3296 1311 3352 σώ-

135 3397 224 3455 μασιν
241 3381 320 3438 εἶναι.
357 3381 391 3435 of.
409 3382 535 3437 Euststh.
554 3376 587 3435 ad
604 3381 632 3435 h.
651 3381 668 3435 l.

200 3485 226 3553 4)
244 3485 297 3538 Cic.
317 3485 356 3538 De
375 3484 437 3538 Nat.
456 3484 534 3539 Deor.
553 3484 574 3552 1,
595 3487 635 3552 13,
654 3486 695 3536 32.
720 3483 826 3552 „Atque
850 3483 931 3537 etiam
948 3483 1122 3538 Antisthenes
1139 3485 1168 3538 in
1186 3501 1217 3539 eo
1235 3484 1312 3552 libro,

134 3571 180 3639 qui
206 3571 337 3640 Physicus
363 3571 529 3639 inscribitur,
562 3569 706 3639 populares
733 3569 797 3623 deos
824 3568 936 3637 multos,
966 3570 1116 3623 naturalem
1141 3587 1225 3625 unum
1253 3586 1313 3624 esse
1370 3621 1381 3627 -

132 3658 224 3711 dicens
247 3657 319 3710 tollit
340 3656 393 3710 vim
419 3663 445 3709 ct
467 3667 590 3710 naturam
613 3655 749 3709 deorum“.
769 3684 803 3692 —
829 3653 951 3709 Lactant.
970 3654 1011 3707 De
1029 3655 1074 3708 Ira
1090 3655 1141 3709 Dei
1159 3672 1181 3710 o.
1201 3660 1246 3724 113
1272 3656 1313 3710 De

133 3744 191 3796 Dis.
210 3743 297 3796 Instit.
315 3741 337 3811 Ι,
355 3744 379 3795 5.
397 3772 432 3781 -
449 3741 548 3796 Minue.
566 3741 645 3795 Felix
663 3755 685 3794 c.
706 3743 746 3809 19,
765 3743 789 3794 8.

201 3844 227 3914 5)
246 3844 325 3897 Clem.
343 3843 489 3898 Alexandr.
507 3844 640 3912 Protrept.
660 3859 683 3898 o.
703 3842 747 3896 Vl.
767 3841 783 3911 ᾗ
801 3845 843 3894 71.
860 3859 887 3910 p.
907 3844 947 3896 61.
966 3840 1066 3896 Potter.
1089 3840 1260 3910 Ἀντισθένης
1278 3872 1312 3882 -

133 3928 203 3986 θεὸν
229 3927 323 3984 οὐδενὶ
350 3929 471 3985 ἑοικέναι
499 3934 600 3996 φησίν·
628 3924 728 4001 διόπερ
755 3925 842 3983 αὐτὸν
868 3925 958 3986 οὐδεὶς
984 3927 1121 3998 ἐκμαθεῖν
1147 3927 1176 3988 ἐξ
1205 3924 1313 3988 εἰκόνοζ

134 4012 259 4070 δύναται.
295 4014 329 4068 cf·
349 4013 444 4068 Strom.
463 4013 495 4082 V,
514 4028 536 4067 o.
557 4016 596 4067 14.
615 4030 641 4082 p.
661 4017 719 4067 714.
737 4043 772 4052 -
789 4011 949 4067 Theodoret.
962 4011 1073 4065 Grmff.
1090 4012 1150 4066 Cur.
1169 4012 1190 4081 Ι,
1209 4029 1235 4081 p.
1250 4016 1309 4067 713.

134 4103 181 4153 καὶ
196 4099 368 4165 Ἀντισθένης
385 4129 418 4137 -
443 4101 507 4170 περὶ
524 4101 573 4151 τοῦ
591 4101 660 4153 θεοῦ
678 4101 733 4154 τῶν
751 4096 824 4153 ὅλων
841 4101 907 4167 βοᾷ·
930 4093 986 4150 ἀπὸ
1005 4092 1112 4156 εἰκόνος
1130 4095 1162 4149 οὐ
1181 4101 1312 4168 γνωρίζε-

134 4203 193 4249 ται,
219 4181 378 4252 ὀφθαλμοῖς
403 4182 454 4252 οὐχ
478 4180 591 4255 ὁρᾶται,
615 4181 708 4239 οὐδενὶ
731 4183 812 4237 ἔοικε.
841 4178 940 4253 διόπερ
960 4179 1045 4237 αὐτὸν
1062 4179 1153 4239 οὐδεὶς
1176 4183 1313 4253 ἐκμαθεῖν

134 4269 162 4332 ἐξ
180 4262 287 4327 εἰκόνος
306 4263 430 4323 δύναται.
