2866 4996
697 290 735 343 21

644 370 794 379 ———

125 481 224 534 autem
247 474 344 533 statim
365 474 449 533 initio
470 475 500 531 iu
524 473 760 532 consuetudinem
781 474 907 532 rhetoris
923 475 1058 534 Leontini
1081 478 1192 535 venisse
1214 493 1304 549 eaque

126 595 180 652 per
207 576 278 635 satis
304 576 421 650 longum
447 577 586 648 temporis
614 576 739 649 spatium
765 592 848 634 usum
875 593 937 635 esse
966 578 1078 651 opinor.
1134 579 1306 638 Accusamus

126 685 255 752 tempus,
286 677 364 751 quod
385 678 416 735 in
438 677 590 752 disciplina
617 676 741 750 Gorgiae
764 679 953 752 consumpsit,
983 680 1219 740 circumscribere
1248 698 1306 740 uon

126 796 295 856 possumus;
329 779 360 837 id
391 785 488 839 tamen
520 781 587 854 jure
615 777 762 842 affirmare
789 780 872 839 nobis
894 781 1039 856 videmur,
1069 800 1134 842 eum
1156 761 1234 842 certe
1256 783 1301 842 01.

129 887 179 956 91,
204 885 222 942 3
246 880 334 960 (414)
360 883 392 941 in
426 898 546 942 numero
578 880 667 942 fuisse
700 879 884 941 familiarium
917 884 1052 943 Socratis.
1106 886 1234 943 Maximo
1263 890 1307 945 est

125 987 202 1046 enim
244 989 415 1059 argumento
456 984 657 1059 Xenophontis
694 985 888 1058 Symposium,
944 986 994 1045 ubi
1027 988 1216 1046 Antisthenes
1261 986 1305 1044 in-

128 1088 245 1149 ducitur
271 1087 348 1147 inter
379 1087 505 1146 Socratis
539 1087 703 1160 discipulos.
759 1087 915 1159 Quaeritur
947 1088 1051 1162 igitur,
1092 1106 1149 1163 quo
1176 1095 1306 1161 tempore

127 1190 218 1251 luerit
242 1189 316 1249 illud
343 1189 519 1262 convivium,
555 1189 632 1261 quod
659 1189 823 1262 Xenophon
851 1190 1012 1264 descripsit.
1075 1192 1121 1250 Ne
1148 1191 1212 1265 quis
1238 1205 1307 1250 vero

128 1294 222 1365 dicat,
255 1291 478 1365 Xenophontem
503 1289 627 1350 tortasse
654 1306 712 1349 uon
741 1291 876 1350 habuisse
902 1293 1041 1365 temporis
1065 1293 1224 1365 rationem,
1255 1291 1305 1351 sed

128 1395 258 1455 Platonis
279 1410 359 1453 more
381 1395 464 1467 quasi
487 1409 600 1453 scenam
623 1393 766 1466 quandam
788 1394 865 1452 illius
886 1395 1009 1454 convivii
1031 1394 1162 1468 finxisse,
1191 1399 1309 1468 reputet

129 1513 240 1570 seeum,
270 1501 379 1570 quanta
400 1498 439 1555 sit
459 1497 521 1570 ejus
547 1496 578 1553 in
605 1494 737 1554 omnibus
759 1495 846 1569 rebus
868 1495 939 1555 fides
962 1513 996 1555 ac
1018 1496 1177 1569 dihgeutia.
1223 1491 1305 1573 „halt

129 1598 187 1672 ἐμοί
210 1621 241 1673 ys
269 1598 380 1673 ὄοκεῖ“,
412 1599 507 1672 inquit
531 1599 562 1656 in
589 1599 736 1672 prooemio
766 1599 922 1671 Symposii,
958 1601 1034 1675 „uuir
1053 1601 1147 1673 ,uulda
1173 1595 1307 1674 κάγαθῶν

129 1699 230 1778 ἀνδρῶν
255 1700 319 1777 ἔργα
349 1697 381 1758 οὖ
401 1697 485 1775 μόνον
510 1697 543 1757 τὰ
564 1697 630 1775 μετὰ
660 1695 777 1770 σπουδῆς
798 1697 964 1776 πραττόμενα
987 1698 1208 1775 ἀξιομνημόνευτα
1231 1697 1305 1776 εἶναι,

130 1799 198 1863 illd
212 1803 257 1861 καὶ
277 1799 312 1860 ω’
326 1808 352 1860 ἐν
366 1807 425 1869 ταῖς
438 1803 571 1868 παιδιαῖς·
595 1798 641 1870 οἷς
662 1805 695 1862 δὲ
712 1794 986 1879 παραγενόμενος
1006 1799 1111 1862 ταῦτα
1134 1802 1307 1880 γιγνώσκω

130 1908 278 1978 δηλῶσαι
298 1904 473 1981 βούλομαι.
489 1928 514 1966 κ.
527 1929 550 1969 τ.
565 1909 587 1971 l,
629 1908 709 1980 Quae
726 1908 816 1967 verba
838 1910 908 1967 satis
929 1909 1054 1981 probare
1076 1909 1228 1982 videntur,
1243 1925 1307 1974 eum

130 2011 168 2071 ab
200 2011 348 2070 hominum
378 2026 533 2082 rerumque
566 2011 688 2069 veritate
716 2025 773 2068 non
805 2011 967 2069 recessisse.
1031 2011 1141 2068 Narrat
1167 2009 1307 2086 autem¹),

130 2113 241 2188 magnis
255 2113 466 2172 Panathenaeis
481 2113 609 2184 Galliam,
632 2118 665 2170 ut
686 2111 842 2171 honoraret
863 2113 1022 2184 uictoriam,
1047 2129 1132 2185 quam
1146 2111 1307 2187 Autolycus

130 2216 282 2290 pancratio
304 2219 519 2289 reportaverat,
547 2215 624 2273 domi
651 2231 720 2274 suae
741 2214 903 2273 convivium
930 2215 1119 2273 lautissimum
1141 2231 1306 2289 apparasse.

129 2319 174 2378 De
203 2334 261 2391 qua
288 2333 321 2377 re
355 2317 432 2391 apud
460 2317 643 2376 Athenaeum
651 2315 677 2393 ²)
707 2317 844 2391 leguntur
873 2317 995 2378 haecce:
1032 2307 1107 2373 Ἔστι
1134 2317 1159 2373 δ’
1187 2306 1265 2381 οὗτος
1291 2311 1307 2374 ὅ

129 2415 236 2495 καιρός,
264 2413 332 2476 καθ’
356 2416 387 2476 ὃν
410 2415 541 2494 Ἀρισιίων
567 2410 655 2493 ἅρχων
681 2407 725 2489 ἦν·
752 2419 794 2474 ἐπὶ
814 2414 910 2476 τούτου
936 2415 991 2494 γὰρ
1014 2409 1128 2484 Εὔπολις
1148 2416 1195 2478 so'r
1216 2416 1306 2478 Αὐτό-

129 2525 206 2580 λυκον
228 2519 335 2587 διδάξας
355 2514 401 2578 ord
423 2519 618 2596 Δημοστράτου
636 2519 755 2591 χλευάζει
776 2515 824 2591 τὴν
846 2523 918 2591 νίκην
938 2525 986 2579 τοῦ
1007 2517 1169 2580 Αὐτολύκου.
1198 2523 1308 2595 Quibus

129 2625 226 2685 verbis
254 2625 278 2684 si
306 2624 378 2683 fides
403 2625 538 2685 habenda
570 2631 660 2697 esset,
699 2625 852 2698 Eupolidis
886 2625 1048 2699 comoedia,
1086 2643 1159 2699 quae
1187 2624 1308 2683 eandem

129 2728 208 2786 illam
235 2727 371 2800 Autolyci
399 2728 548 2786 victoriam
575 2728 682 2799 irrisit,
711 2727 797 2787 docta
825 2733 902 2786 esset
929 2728 973 2788 01.
998 2730 1048 2800 89,
1073 2731 1092 2787 4
1115 2725 1221 2805 (421),
1250 2742 1307 2798 quo

130 2847 206 2889 anno
228 2829 359 2888 Aristion
381 2829 489 2888 archon
510 2828 574 2888 fuit.
624 2829 682 2889 Sed
705 2829 873 2888 Athenaeus
900 2830 955 2890 hoc
977 2831 1040 2890 loco
1063 2829 1257 2903 compluribus
1279 2828 1308 2886 in

130 2933 218 2993 rebus
241 2931 348 2992 erroris
371 2931 536 3005 arguendus
558 2937 611 2990 est.
641 2931 686 2991 Ac
707 2933 832 3006 primum
847 2933 962 3005 quidem
984 2939 1093 3007 peccat,
1117 2931 1194 3006 quod
1210 2931 1310 2989 eodem

129 3036 180 3094 illo
201 3051 277 3093 anno
299 3050 404 3107 magua
418 3034 624 3093 Panathenaea
646 3034 792 3094 celebrata
814 3051 876 3093 esse
899 3036 969 3094 vult.
1004 3035 1210 3094 Panathenaea
1231 3033 1307 3091 euim

130 3138 241 3211 majora
262 3153 374 3210 semper
396 3136 483 3195 tertio
507 3153 621 3209 quoque
643 3136 820 3209 Olympiadis
842 3153 917 3196 anno
940 3137 1100 3210 agebantur
1108 3136 1151 3214 ³);
1175 3135 1310 3209 quocirca

131 3241 219 3299 etiam
248 3238 312 3311 illa,
349 3238 454 3311 quibus
481 3237 641 3311 Autolycus
675 3239 825 3298 victoriam
853 3239 976 3311 adeptus
1003 3244 1080 3311 erat,
1119 3256 1183 3298 cum
1214 3238 1308 3309 iisque

131 3343 240 3402 Calliae
262 3340 423 3401 convivium
451 3358 510 3399 non
537 3341 567 3398 in
589 3339 633 3398 01.
657 3341 713 3413 89,
737 3344 771 3412 4,
801 3340 851 3399 sed
878 3342 909 3398 in
930 3341 1092 3414 proximum
1114 3357 1240 3413 annum,
1264 3337 1308 3397 Ol.

133 3447 190 3517 89,
214 3446 247 3516 3,
277 3459 334 3517 quo
357 3441 481 3501 Alcaeus
508 3443 616 3502 archon
651 3440 719 3514 luit,
754 3442 882 3501 incidere
905 3459 1021 3502 necesse
1048 3447 1133 3502 esset.
1195 3440 1308 3501 Deinde

130 3546 240 3606 trustra
266 3545 384 3618 nititur,
418 3549 449 3604 ut
478 3544 643 3604 comoediae
670 3544 850 3619 Eupolideae
883 3545 1055 3604 auctoritate
1084 3543 1309 3617 Xenophontem

131 3647 274 3708 mendacii
300 3647 466 3720 convincat,
496 3646 574 3720 quod
599 3648 649 3707 ille
675 3648 706 3706 iu
733 3663 768 3707 eo
790 3662 821 3705 se
843 3648 974 3707 convivio
1003 3646 1169 3707 interfuisse
1192 3645 1308 3718 dixerit,

133 3751 182 3825 qui
208 3751 258 3810 illo
291 3755 422 3822 tempore
456 3765 492 3809 ne
531 3756 617 3809 natus
645 3749 776 3823 quidem,
815 3755 893 3810 certe
927 3750 1032 3825 puerili
1065 3749 1179 3809 demum
1213 3753 1309 3806 aetate

131 3851 229 3913 luerit.
287 3851 370 3924 Quod
392 3850 495 3912 falsum
517 3869 579 3912 esse
602 3858 696 3926 patet,
734 3870 798 3912 cum
826 3870 932 3912 aunum
954 3853 1079 3913 natalem
1105 3851 1308 3925 Xenophontis

202 4078 227 4146 ll
244 4076 265 4147 Ι,
282 4079 307 4132 2.

199 4177 226 4246 2)
244 4177 277 4247 V,
294 4194 321 4246 p.
340 4179 392 4232 216
410 4177 440 4231 C.

200 4281 227 4346 3)
244 4278 283 4336 Cf.
301 4278 432 4335 Boeckhii
449 4295 539 4336 oecon.
558 4279 633 4348 polit
651 4279 715 4334 Ath.
732 4278 768 4346 11,
786 4294 814 4348 p.
833 4282 850 4333 6
868 4295 908 4347 sq.
