2866 4996
720 251 874 346 -43-

209 437 336 499 referam
364 438 622 499 celebratissimum
654 438 727 497 illud
754 439 937 499 Antisthenis
964 440 1086 500 dictum:
1122 444 1230 512 μανιλην
1257 436 1387 515 μᾶλλον)

210 536 372 617 ἡσθείη).
417 541 517 599 Virtus
542 541 603 599 sola
625 540 746 613 bonum,
769 542 912 600 uitiositas
934 542 1053 615 malum,
1077 545 1175 604 omnia
1196 545 1256 604 alia
1277 543 1387 603 indiffe-

210 646 306 702 rentia
327 650 394 702 sunt
402 641 440 719 ²).
895 708 898 713 Ι

298 746 351 823 36)
374 745 451 819 περὶ
472 731 675 821 οἷνόρελαῦ).
699 745 732 821 (t.
756 746 821 822 ῙΠ.)

298 852 349 923 37)
370 846 448 918 περὶ
470 837 572 918 νόμον
593 843 611 915 ἢ
632 848 706 919 περὶ
727 851 835 905 καλου
856 849 914 904 καὶ
936 849 1114 922 tanatos).
1149 852 1182 930 (i.
1205 854 1271 929 III.)
1317 855 1385 912 For·

212 954 288 1011 sitan
316 952 393 1009 huno
420 950 537 1008 titulum
563 949 723 1008 tollendum
751 967 814 1010 esse
843 968 975 1024 censeas,
1010 972 1074 1013 oum
1102 972 1137 1013 ex
1159 973 1209 1027 eo,
1240 957 1290 1028 qni
1313 954 1386 1028 apud

211 1055 371 1128 Diogenem
392 1052 542 1125 praecedit
564 1052 621 1126 περὶ
636 1043 747 1125 νόμοοῆ
761 1053 819 1128 περὶ
832 1057 964 1119 uoluam·
978 1054 1055 1133 (32),
1078 1064 1159 1116 ortus
1172 1075 1234 1116 esse
1248 1057 1387 1128 videatur,

211 1157 253 1215 ita
273 1163 306 1215 ut
326 1157 394 1215 huic
414 1154 471 1229 ipsi
491 1154 582 1214 uerba
603 1150 620 1224 ἢ
642 1155 700 1231 περὶ
721 1160 804 1213 καλοῦ
825 1178 870 1213 aar
886 1157 1001 1232 αγοθοῡ
1015 1159 1116 1219 addita
1128 1160 1216 1219 fuisse
1232 1161 1386 1219 existimes.

299 1258 352 1334 38)
376 1257 451 1338 περὶ
473 1259 675 1332 ἐλευθερίας
697 1259 751 1315 καλ
771 1259 931 1326 δουλείας.
956 1261 990 1337 (t.
1013 1262 1079 1339 III.)
1108 1263 1180 1322 Cum
1202 1264 1320 1336 sapiens
1337 1262 1387 1335 Gy·

214 1361 295 1420 nicus
325 1361 413 1421 solius
440 1360 557 1420 virtutis
578 1358 657 1433 leges
679 1368 826 1435 sequatur,
849 1362 922 1421 nihil
944 1365 1005 1437 ejus
1027 1365 1163 1437 interest,
1188 1383 1273 1438 quem
1295 1366 1388 1423 locum

213 1466 244 1522 in
265 1463 414 1536 republica
436 1466 543 1534 teneat,
568 1463 655 1521 immo
677 1481 755 1536 vero,
778 1467 926 1539 cumipse
948 1484 1023 1525 unus
1045 1484 1115 1525 vera
1130 1473 1229 1526 utatur
1243 1467 1389 1538 libertate,

213 1581 250 1624 ne
272 1565 412 1625 servitute
435 1564 551 1638 quidem
573 1581 637 1623 eam
658 1567 786 1639 amittet,
810 1567 911 1626 sedin
934 1584 968 1627 ea
991 1585 1105 1643 quoqne
1128 1569 1293 1629 conditione
1317 1585 1389 1627 sem-

213 1685 266 1742 per
301 1668 357 1727 erit
390 1684 448 1725 non
481 1666 566 1724 modo
598 1666 778 1740 liberrimus,
813 1670 864 1728 sed
898 1672 985 1729 etiam
1018 1677 1180 1730 ceterorum
1212 1668 1391 1749 domnus⁸).

214 1771 304 1843 Quam
326 1771 499 1829 sententiam
516 1767 706 1828 Antisthenes
728 1771 783 1830 hoo
803 1771 879 1830 libro
901 1773 1060 1846 explicasse
1082 1773 1228 1847 putandus
1250 1771 1341 1850 est‘).

301 1873 353 1948 39)
377 1873 451 1948 περὶ
471 1874 626 1937 recreor.
665 1871 698 1950 (t.
721 1873 787 1949 III.)

300 1975 353 2053 40)
385 1975 460 2051 περὶ
487 1973 677 2051 ἐπιτρόπου
710 1975 728 2045 ἢ
760 1976 835 2051 περὶ
863 1979 923 2033 τοῦ
948 1980 1153 2038 πείθεσθαι.
1178 1980 1212 2057 (t.
1234 1981 1301 2056 III.)
1346 1981 1392 2039 Ita

214 2079 390 2138 Hnebnerus
411 2085 442 2138 et
463 2078 599 2139 (lobetus.
644 2079 727 2152 Quod
748 2096 817 2138 uero
840 2080 871 2140 C.
890 2081 941 2139 Fr.
958 2081 1175 2157 Hermannns¹)
1198 2088 1228 2141 et
1242 2081 1394 2141 Winchel·

215 2197 336 2240 mannus
365 2180 405 2258 (p.
431 2182 482 2257 13)
516 2182 614 2254 aliqua
647 2198 683 2240 ex
709 2188 792 2254 parte
819 2181 966 2242 Ambrosii
994 2185 1167 2242 auctoritate
1195 2185 1256 2242 nixi
1283 2202 1393 2259 propo-

214 2291 348 2344 suerunt:
370 2283 429 2359 περὶ
443 2285 551 2349 πλοιεως
564 2287 582 2354 ἢ
596 2284 654 2360 περὶ
668 2280 821 2360 ἐπιτρόπου,
844 2286 902 2361 περὶ
916 2288 963 2344 τοῦ
977 2288 1139 2360 πείθεσθαι,
1161 2286 1191 2344 id
1207 2288 1268 2344 sine
1284 2287 1393 2347 idonea

214 2403 302 2445 cansa
323 2385 425 2447 fecisse
447 2387 591 2447 videntur.

301 2489 354 2566 41)
377 2489 456 2565 περὶ
478 2491 578 2560 νίνης.
613 2491 647 2568 (t.
669 2490 735 2567 III.)

300 2594 352 2667 42)
375 2587 605 2667 οἰκονομικός.
640 2592 673 2670 (t.
696 2592 762 2670 Ill.)
807 2594 989 2668 Seiunximus
1018 2595 1103 2667 haec,
1134 2612 1207 2668 quae
1229 2596 1314 2668 vulgo
1337 2613 1392 2670 pro

215 2711 272 2753 uno
302 2695 386 2754 titulo
416 2697 561 2757 habentur
588 2695 646 2770 περὶ
672 2697 742 2765 νίκης
769 2682 940 2770 οἷκονομινᾶς.
982 2696 1057 2754 Nam
1086 2698 1229 2769 quomodo
1257 2698 1333 2758 liber
1356 2699 1393 2758 de

214 2797 335 2856 victoria
356 2799 497 2872 appellari
517 2798 647 2873 potuerit
669 2797 890 2872 Oeconomicus,
919 2815 964 2858 me
986 2814 1044 2858 non
1066 2799 1165 2859 videre
1187 2798 1289 2859 fateor.
1335 2801 1393 2860 Sed

214 3083 244 3136 L.
265 3083 311 3151 VI,
331 3085 389 3138 105.
414 3078 536 3136 πλούτου
554 3085 601 3134 καὶ
625 3077 706 3148 δόξης
723 3085 769 3135 καὶ
787 3081 926 3153 εὐγενείας
944 3086 1177 3155 καταφρονοῦσιν.
1214 3115 1247 3124 -
1282 3088 1323 3137 11.
1341 3081 1392 3154 τήν

217 3187 245 3222 τε
264 3167 380 3230 ἀδοξίαν
398 3166 510 3239 ἀγαθὸν
528 3171 574 3221 καὶ
593 3171 655 3224 ἴσον
672 3170 709 3236 τῷ
727 3165 813 3236 πόνῳ.

285 3272 310 3340 1)
327 3271 404 3340 Diog.
423 3270 453 3325 L.
472 3270 518 3340 VI,
537 3274 561 3325 3.
581 3269 614 3325 of.
632 3270 705 3325 locos
724 3286 791 3340 quos
808 3270 927 3327 laudavit
944 3271 1067 3328 Zellerus
1086 3272 1133 3343 (ll,
1152 3277 1212 3343 217,
1231 3274 1265 3343 5).

285 3374 613 3444 mmmmm

284 3481 310 3550 3)
328 3479 404 3534 Libri
422 3479 543 3548 ejusdem
560 3477 632 3534 tituli
649 3479 836 3535 tribuebantur
854 3479 955 3536 Simoni
979 3479 1020 3552 (D.
1038 3481 1070 3536 L.
1088 3481 1127 3552 11,
1147 3482 1206 3551 122)
1224 3487 1251 3536 et
1269 3482 1394 3538 Simmiae

214 3565 293 3634 (124).

282 3671 309 3738 4)
328 3669 442 3724 Critonis
461 3674 488 3723 et
506 3667 622 3724 Simonis
640 3669 760 3737 dialogos
778 3671 842 3741 περὶ
859 3664 949 3738 νόμου
967 3674 995 3723 et
1016 3671 1081 3742 περὶ
1104 3670 1153 3721 τοῦ
1172 3670 1259 3722 καλοῦ
1282 3685 1395 3725 comme·

218 3759 304 3808 morat
322 3754 355 3807 D.
374 3754 406 3809 L.
425 3754 460 3824 ΙΙ,
480 3757 538 3808 121.
558 3757 620 3823 122;
640 3754 764 3809 Simmiae
781 3758 809 3807 τί
824 3751 854 3808 τὸ
874 3750 970 3809 καλόν.
991 3755 1048 3807 124.

284 3859 310 3928 5)
329 3858 368 3913 Cf.
387 3873 456 3926 quae
479 3857 512 3912 de
536 3857 664 3926 Diogenis
682 3855 774 3926 Cynici
796 3855 924 3909 servitute
945 3855 1088 3910 memoriae
1105 3855 1211 3924 prodita
1229 3864 1291 3912 sunt
1310 3859 1395 3928 (Diog.

216 3943 552 4013 Lsswmum

285 4047 311 4116 6)
329 4046 456 4101 Forsitan
483 4063 543 4100 oum
569 4045 675 4099 Zellero
702 4043 755 4098 huc
787 4043 890 4097 referas
920 4044 1089 4100 Antisthenis
1116 4045 1228 4101 dictum:
1263 4045 1337 4107 ὅστις
1363 4048 1396 4101 ol

218 4132 328 4204 ἑτέρους
346 4132 471 4198 δέδοικε,
490 4131 590 4191 δοῦλος
608 4126 647 4189 ὢν
664 4131 780 4197 λέληθεν
796 4125 904 4186 ἑαυτόν.
921 4128 1006 4199 (snb.
1025 4129 1048 4184 F
1049 4129 1118 4186 loril.
1136 4133 1161 4200 8,
1181 4134 1232 4200 14).

285 4235 312 4305 7)
330 4234 482 4289 Zimmerm.
495 4232 666 4305 Ephemerid.
687 4234 761 4287 1334.
779 4248 807 4301 p.
827 4234 885 4287 103.
