2866 4996
693 273 733 332 46

211 459 264 537 32)
286 459 364 535 napi
385 455 493 533 νόμον
513 461 531 530 ἢ
552 460 631 537 περὶ
651 464 846 524 uolutatus.
869 460 902 539 (l.
916 458 982 537 ΠΙ.)
1010 457 1304 537 Athenaeus¹)hunc

124 560 230 620 librum
257 564 385 636 appellat
412 564 566 624 Politicum
592 562 623 621 in
649 580 742 638 eoque
764 563 968 622 Antisthenem
990 564 1020 621 in
1042 579 1141 622 omnes
1171 563 1303 621 homines

125 664 279 737 populares
294 664 514 724 Atheniensium
535 666 679 726 invectum
702 682 765 725 esse
787 665 931 739 perhibet.
976 665 1022 723 Ex
1043 665 1145 724 ecdem
1159 671 1303 737 sumptam

126 780 189 824 esse
217 768 339 841 conjicio
369 766 497 827 fabulam
524 767 603 827 illam
634 769 796 842 politicam,
828 783 915 841 quam
936 767 1111 826 Aristoteles
1133 766 1303 825 Antistheni

125 868 228 928 tribuit
236 868 273 946 ²),
296 885 354 943 qua
375 870 526 943 imperium
548 871 648 944 populi
670 869 798 929 derideri
820 867 1003 928 manifestum
1025 875 1079 928 est.
1124 869 1187 927 Nee
1208 869 1304 926 minus

125 971 182 1029 huo
209 973 357 1045 pertinent
384 971 435 1030 illa
460 972 552 1045 dieta,
580 989 654 1046 quae
682 971 887 1045 rempublicam
910 971 1132 1030 Atheniensium
1161 970 1305 1042 castigant

127 1070 167 1149 (p.
194 1072 255 1150 16).
308 1074 467 1148 Praecipue
500 1080 597 1134 autem
624 1074 679 1133 hoc
706 1074 781 1133 libro
808 1075 890 1132 illam
917 1072 1090 1146 Cynicorum
1119 1073 1301 1143 sententiam,

125 1176 286 1248 sapientem
307 1177 396 1234 totius
417 1176 517 1235 muudi
537 1177 662 1235 incolam
684 1183 714 1235 et
735 1177 825 1235 civem
848 1192 927 1248 esse,
951 1175 1123 1248 explicatam
1145 1173 1235 1232 fnisse
1257 1190 1304 1231 ar-

125 1277 228 1336 bitror.
272 1279 374 1351 ltaque
401 1278 589 1338 Antisthenes
617 1295 635 1336 a
663 1278 813 1351 republica
841 1277 1018 1351 capessenda
1040 1275 1247 1353 dehortatur³l
1271 1281 1301 1335 et

127 1380 285 1453 sapientem
312 1396 371 1438 non
398 1381 554 1440 seeundum
582 1381 721 1453 civitatis,
751 1380 803 1439 sed
832 1380 948 1439 virtutis
975 1380 1054 1453 leges
1081 1380 1112 1437 iu
1134 1395 1169 1437 ea
1190 1378 1302 1438 versari

126 1479 241 1558 dieit4).
263 1482 366 1555 Neque
380 1481 518 1543 adversor
533 1483 645 1542 Zellero
654 1481 680 1560 ⁵)
696 1483 862 1556 suspicanti,
876 1484 936 1556 jam
943 1480 1146 1540 Antisthenem
1162 1481 1304 1552 docuisse,

127 1598 202 1655 quae
229 1584 373 1643 Zenonem
401 1584 543 1658 Stoicum,
578 1586 750 1659 Cynicorum
778 1584 962 1658 discipulum,
995 1584 1162 1657 exposuisse
1189 1582 1304 1654 scimus,

127 1684 177 1756 qui
204 1685 321 1758 quidem
347 1702 446 1745 omnes
472 1688 602 1747 homines
631 1688 727 1760 gregis
756 1688 848 1746 instar
879 1687 980 1747 eadem
1006 1685 1120 1744 ratione
1142 1684 1304 1763 iisdemque

125 1785 265 1846 institutis
292 1789 389 1848 vivere
405 1862 408 1869 Ι
422 1786 557 1867 voluit‘).
611 1790 694 1862 Quod
722 1791 747 1848 si
774 1791 816 1848 ita
842 1794 902 1862 est,
937 1789 1088 1848 Platonem
1117 1786 1216 1865 (Pohe
1240 1788 1303 1844 267

127 1887 304 1949 0-2750
327 1896 357 1948 et
370 1891 414 1950 De
429 1891 553 1966 Republ.
568 1893 606 1963 Il,
625 1894 685 1950 372
702 1891 728 1950 A
744 1891 800 1969 sq.)
822 1891 1004 1951 Antisthenis
1025 1891 1131 1949 librum
1153 1889 1304 1963 politicum

127 1993 289 2065 respexisse
311 1991 396 2052 focile
419 1995 612 2054 concedimus,

213 2093 265 2171 33)
285 2095 460 2170 Ἀρχέλαος
481 2083 499 2168 ἦ
519 2097 596 2172 περὶ
616 2097 807 2170 βασιλείας.
832 2096 865 2173 (t.
880 2098 931 2173 X.)
975 2096 1060 2155 Alter
1081 2095 1183 2154 titulus
1203 2087 1222 2162 ἢ
1243 2093 1303 2168 περὶ

126 2195 260 2268 βασιλείας
273 2203 443 2271 argumento
460 2204 513 2273 est,
537 2199 614 2259 hunc
627 2200 732 2259 librum
747 2217 806 2258 non
821 2199 858 2258 ab
870 2198 1014 2258 Archelao
1027 2197 1161 2271 Physica,
1183 2194 1303 2256 Anaxa·

128 2288 222 2372 garae
237 2299 387 2373 discipulo,
411 2301 462 2360 sed
483 2303 519 2360 ab
542 2303 591 2361 illo
614 2302 802 2362 Macedoniae
824 2317 902 2374 rege,
927 2301 976 2374 qui
999 2300 1186 2360 atrocissimis
1207 2299 1304 2358 caedi·

127 2401 182 2460 bus
202 2419 292 2476 regno
320 2402 430 2475 potitus
451 2403 615 2463 litterarum
636 2406 800 2477 artiumque
821 2403 999 2463 Graecarum
1020 2403 1132 2462 exstitit
1152 2407 1303 2475 patronus,

126 2519 230 2564 nomen
252 2504 377 2564 duxisse.
420 2507 455 2564 ln
477 2505 586 2580 Gorgia
607 2513 703 2567 autem
723 2505 889 2584 Platanis')
918 2506 1023 2578 Polus,
1048 2505 1194 2579 sophistae
1216 2503 1302 2562 disci·

126 2608 227 2680 pulus,
256 2608 387 2681 exemplo
414 2607 552 2668 Archelai
574 2610 761 2683 comprobare
784 2609 897 2681 studet,
921 2608 1069 2667 advitam
1092 2607 1209 2666 beatam
1230 2605 1304 2664 nihil

127 2709 276 2783 interesse,
302 2712 417 2784 iusteue
445 2710 534 2770 iacias
556 2728 656 2772 necne.
700 2713 839 2771 Fortasse
862 2710 988 2784 Gorgias
1010 2710 1072 2784 ipse
1093 2708 1150 2768 hoc
1172 2707 1303 2781 exemplo

127 2828 196 2870 usus
224 2817 288 2872 erat
314 2813 353 2872 oh
381 2828 501 2886 eamque
529 2829 646 2874 causam
672 2814 709 2873 ab
739 2812 914 2873 Antisthene
941 2812 1136 2886 reprehensus
1163 2815 1217 2871 est.
1260 2810 1307 2869 Ita

130 2998 333 3010 *t—

198 3131 222 3201 1)
240 3131 273 3199 V,
291 3148 317 3199 p.
335 3134 387 3185 220
404 3130 436 3185 D.
466 3128 480 3185 ὁ
504 3130 537 3186 δὲ
553 3128 693 3192 πολιτικὸς
715 3129 800 3185 αὐτοῦ
821 3127 953 3202 διάλογος
977 3124 1109 3187 ἁπάντων
1126 3124 1305 3201 καταδρομὴν

128 3220 250 3288 περιέχει
267 3219 322 3273 τῶν
337 3212 472 3291 Ἀθήνῃσι
484 3217 667 3290 δημαγωγῶν.
677 3249 710 3256 -
721 3217 822 3272 Critoni
838 3217 1038 3272 tribuebantur:
1057 3219 1085 3269 τί
1100 3213 1129 3270 τὸ
1148 3210 1305 3284 ἐπιτήδειον

128 3297 147 3370 ἢ
163 3299 309 3362 Πολιτικὸς
326 3310 354 3359 et
370 3300 561 3380 Πρωταγόρας
578 3299 595 3372 ἢ
612 3299 759 3363 Πολιτικός
777 3303 819 3372 (h.
837 3303 867 3356 L.
886 3303 921 3373 Π,
941 3305 1008 3374 121).

197 3406 436 3477 mmpma

198 3510 223 3579 3)
243 3509 316 3564 Stob.
334 3510 427 3565 Floril.
451 3512 498 3579 45,
517 3511 559 3564 28.
583 3507 760 3576 Ἀντισθένης
777 3509 937 3583 ἐρωτηθείς,
956 3509 1019 3563 πῶν
1041 3501 1078 3563 ἄν
1100 3524 1140 3565 τις
1156 3506 1305 3580 προσέλθοι

129 3598 263 3668 πολιτείᾳ,
282 3596 354 3652 elna·
373 3591 502 3670 καθάπερ
519 3598 597 3668 πυρί,
614 3590 684 3668 μήτε
700 3597 764 3650 λίαν
781 3589 876 3663 ἐγγύς,
894 3595 943 3650 λ’να
960 3589 999 3665 μὴ
1018 3594 1096 3666 καῇς,
1112 3586 1182 3664 μήτε
1198 3587 1306 3665 πόρρω,

102 3695 112 3709 “·
129 3682 176 3739 ἵνα
192 3679 232 3756 μὴ
249 3677 375 3757 ῥινοίσῃς.

197 3785 224 3854 4)
241 3783 318 3855 Diog.
342 3783 374 3836 L.
396 3783 447 3853 Vl,
472 3781 511 3837 11.
539 3783 586 3836 καὶ
613 3780 662 3839 τὸν
684 3779 777 3853 σοφὸν
799 3779 832 3835 οὐ
856 3777 925 3834 κατὰ
948 3776 1011 3838 τοὺς
1034 3781 1177 3851 κειμένους
1199 3774 1306 3850 νόμους

130 3864 358 3938 πολιτεύσεσθαι,
377 3866 447 3924 ἀλλὰ
463 3865 512 3925 τὸν
528 3871 575 3937 τῆς
592 3866 695 3941 ἀρετῆς.

198 3973 395 4043 amma

198 4077 224 4146 6)
241 4076 312 4132 Plut.
330 4076 448 4132 Defert.
466 4073 543 4131 Alex.
561 4073 583 4144 I,
601 4077 625 4129 6.
643 4088 670 4141 p.
688 4074 747 4127 329.

197 4178 224 4248 7)
241 4180 294 4232 470
310 4179 343 4232 Ι).
362 4194 402 4247 sq.
