2866 4996
675 292 714 348 27

105 480 273 552 simplicitas
300 485 387 551 atque
414 477 580 537 inaffectata
603 479 770 551 jucunditas
798 484 828 538 et
856 495 908 536 sua
936 478 1026 550 ipsius
1054 477 1192 535 severitas
1214 491 1280 549 gra·

107 583 238 654 vitasque
267 581 470 639 Antisthenem
507 582 652 642 adducere
689 582 803 650 debuit,
841 586 873 639 ut
900 579 1048 653 Gorgiana
1080 578 1130 636 illa
1163 578 1281 637 licentio

106 684 215 756 reiecta
236 682 274 740 ad
296 686 486 756 temperatum
508 683 623 743 dicendi
645 702 735 758 genus
757 701 788 742 se
809 681 1059 742 accommodaret?
1102 681 1282 739 Documento

109 791 177 844 sunt
198 786 281 844 multi
303 792 433 846 veterum
454 785 525 858 loci,
554 787 603 859 qui
631 804 696 844 eum
722 788 799 846 inter
827 785 983 858 scriptores
1004 783 1117 842 Atticos
1138 782 1216 841 haud
1237 782 1281 840 in·

109 886 205 946 fimum
226 888 320 947 locum
335 888 504 959 obtinuisse,
525 887 611 947 inuno
632 889 663 947 in
685 905 804 948 numero
820 887 1015 960 exemplorum
1037 903 1128 960 purae
1142 885 1282 944 orationis

109 989 223 1048 Atticae
250 990 381 1048 habitum
408 1006 471 1049 esse
506 991 576 1048 satis
603 991 738 1068 probant.
796 992 875 1064 Quae
902 989 1067 1049 testimonia
1099 989 1130 1047 in
1156 987 1282 1047 medium

108 1091 239 1164 profene
259 1092 318 1166 Jam
339 1097 470 1150 nostrum
491 1092 557 1150 erit.

196 1194 368 1254 Aristoteles
397 1193 427 1250 in
460 1193 543 1251 libris
575 1195 728 1254 rhetoricis
754 1195 940 1268 metaphorae
967 1195 1129 1268 exemplum
1157 1193 1194 1252 ab
1223 1192 1284 1250 An-

113 1299 237 1357 tisthene
272 1292 471 1370 mutuatur¹);
508 1295 565 1354 alio
599 1296 662 1356 loco
695 1297 745 1356 ubi
781 1298 913 1371 exponit,
965 1299 995 1356 in
1032 1297 1163 1368 civitate,
1207 1311 1282 1368 quae

111 1400 293 1474 optimatium
327 1397 449 1456 arbitrio
485 1404 618 1470 regatur,
656 1400 743 1459 nullis
764 1417 814 1458 eos
840 1401 953 1474 legibus
974 1400 1119 1471 coerceri,
1157 1396 1284 1456 fabulam

112 1504 173 1576 ejus
206 1499 307 1559 laudat
338 1500 486 1573 politicam
495 1497 532 1575 ²).
567 1532 610 1543 —
651 1502 808 1575 Dionysius
840 1502 1079 1561 Halicarnasseus
1114 1515 1285 1560 enumerans

113 1605 281 1677 scriptores,
317 1601 366 1674 qui
400 1607 528 1675 tempore
561 1602 631 1660 belli
664 1603 900 1676 Peloponnesiaci
936 1620 994 1662 una
1027 1621 1091 1662 curn
1117 1600 1285 1675 Thucydide

113 1706 236 1765 Athenis
271 1703 447 1776 floruerunt,
501 1710 618 1777 praeter
658 1705 851 1778 Andocidem,
889 1705 1112 1779 Antiphontem,
1159 1704 1285 1778 Lysiam,

113 1808 252 1878 Critiam,
305 1805 528 1878 Xenophontem
569 1814 772 1867 commemorat
818 1809 905 1867 etiam
947 1808 1150 1866 Antisthenem
1164 1806 1200 1883 8).
1244 1839 1284 1850 -

113 1906 327 1985 Demetrius⁴),
355 1907 405 1966 ubi
427 1907 581 1981 praecipit,
610 1915 642 1968 ut
663 1910 861 1983 gravissimum
882 1910 1002 1970 verbum
1029 1910 1059 1966 in
1087 1908 1144 1967 line
1171 1914 1287 1968 senten·

112 2014 170 2071 tiae
198 2010 369 2081 collocetur,
403 2010 526 2082 exempli
560 2027 646 2070 causa
672 2011 855 2070 Antisthenis
888 2012 995 2071 matum
1026 2011 1170 2083 quoddam
1192 2010 1286 2070 affert.

117 2149 153 2160 -
181 2113 333 2187 Epictetus
341 2108 366 2187 ⁵)
387 2111 568 2170 Antisthenis
595 2129 685 2187 genus
713 2113 827 2173 dicendi
851 2131 915 2173 cum
944 2113 1147 2186 Xenophontis
1169 2120 1199 2173 et
1220 2113 1286 2173 Pla-

113 2217 189 2276 bonis
216 2212 341 2274 confert:
371 2254 385 2276 ‚,
394 2217 570 2290 θαυμαστῶς,
594 2209 734 2291 όνθροιπε,
762 2201 887 2293 γράφεις,
916 2215 961 2272 καλ
982 2211 1018 2277 σύ
1048 2212 1167 2289 μεγάλως
1187 2214 1222 2280 εἰς
1242 2213 1287 2272 τόν

112 2321 274 2390 Ξενοφῶντος
298 2319 470 2391 χαρακτῆρα,
499 2314 533 2373 od
558 2315 593 2382 εἷς
621 2311 667 2374 τόν
688 2318 843 2384 Πλάτωνος,
875 2312 910 2375 αδ
938 2317 973 2382 εἰς
999 2312 1045 2375 τόν
1071 2318 1286 2384 Ἀντισθένους.“

115 2422 184 2480 Pari
206 2420 292 2479 modo
314 2419 424 2477 Fronto
432 2416 476 2495 ς);
521 2421 668 2491 „Diodori
690 2428 722 2481 tu
744 2428 774 2482 ct
794 2422 910 2481 Alexini
933 2422 1022 2480 verba
1043 2421 1139 2481 verbis
1160 2421 1290 2480 Platonis

114 2528 144 2583 a
158 2522 359 2596 Xenophontis
380 2526 410 2599 et
424 2521 605 2581 Antisthenis
627 2523 823 2597 anteponis?“
847 2529 876 2582 et
890 2520 1073 2599 Longinns')
1106 2524 1156 2596 qui
1170 2522 1290 2582 Aeschi-

115 2643 180 2687 nem
201 2623 346 2698 adjungit:
378 2627 433 2698 „up
457 2626 504 2697 μὲν
524 2617 579 2700 γιλρ
599 2623 721 2682 Πλάτωνι
752 2626 797 2682 καὶ
817 2627 853 2700 τῷ
879 2618 1041 2697 Ξενοφῶντι,
1066 2624 1175 2701 Αἱσχίνῃ
1197 2647 1223 2681 τε
1245 2626 1290 2681 καὶ

112 2725 269 2785 Ἀντισθένει
290 2729 413 2801 περιττῶς
434 2726 626 2798 διαπεπόνηται
647 2728 692 2785 καὶ
713 2729 805 2794 ἱκανῶς
825 2723 996 2802 ἠκρίβωτυι.“
1039 2728 1176 2788 Similiter
1198 2728 1290 2787 Julia-

115 2828 219 2906 nus⁸),
257 2829 306 2888 ubi
335 2829 371 2888 dc
398 2829 503 2889 fabulis
537 2831 575 2890 ad
604 2833 787 2904 quaestiones
821 2832 930 2892 ethicas
963 2830 1134 2890 adhibendis
1163 2830 1288 2902 disserit,

183 3012 334 3081 niliaci.
353 3011 405 3080 111,
429 3015 446 3066 4
468 3031 495 3082 p.
520 3017 617 3083 lidie,
635 3018 660 3068 9.
695 3017 743 3068 καὶ
765 3011 801 3074 ὡς
821 3013 996 3081 Ἀντισθένης
1024 3009 1223 3084 Κηφισόδοτον
1243 3009 1291 3068 τὸν

35 3112 41 3119 ·
117 3093 217 3152 λεπτὸν
234 3098 373 3165 λιβανωτῷ
392 3101 511 3164 εἴκασεν,
531 3097 573 3152 ότι
591 3095 782 3172 ἀπολλύμενος
799 3099 951 3171 εὐφραίνει.

184 3180 210 3245 2)
228 3180 436 3251 Polit.111,1ap.
452 3187 594 3254 1284⁸,lb.
604 3183 711 3258 καὶγὰρ
724 3187 830 3256 γελοῖος
845 3181 881 3240 ἂν
899 3187 939 3250 εἴη
957 3188 1120 3255 νομοθετεῖν
1134 3201 1172 3242 τις
1190 3179 1291 3252 πετρό-

116 3284 199 3337 μενος
217 3266 273 3319 κατ’
293 3266 397 3324 αὐτῶν·
415 3271 522 3340 λέγοιεν
538 3269 592 3343 γὰρ
610 3267 646 3327 δν
663 3275 728 3331 ἴσως
745 3267 816 3344 ἅπερ
832 3267 1007 3335 Ἀντισθένης
1025 3268 1079 3339 ἔφη
1097 3265 1159 3327 τούς
1170 3270 1291 3333 λέοντας,

117 3349 350 3425 δημογοροόντων
367 3357 423 3409 τῶν
440 3353 613 3413 δασυπόδων
631 3358 678 3409 καὶ
696 3354 726 3409 τὸ
745 3359 807 3409 ἴσον
824 3349 984 3415 ἀξιούντων.

187 3437 218 3505 3)
230 3436 287 3491 lud.
306 3437 339 3491 de
358 3438 442 3493 Thac.
461 3455 483 3493 c.
502 3443 533 3493 31
554 3457 580 3509 p.
599 3444 658 3495 941.
677 3440 711 3494 cf.
729 3456 755 3508 p.
774 3443 816 3493 20.

184 3523 210 3591 4)
227 3521 268 3576 De
290 3521 396 3576 Elocut
416 3540 438 3577 c.
463 3527 514 3578 249
537 3525 625 3591 (Rhet.
649 3527 695 3580 Gr.
720 3524 760 3578 ed.
781 3523 867 3577 Wala.
891 3522 929 3575 IX
947 3538 973 3590 p.
994 3524 1060 3590 105).
1093 3518 1237 3588 ποιητικὸν
1261 3520 1292 3574 δὲ

117 3604 272 3675 δεινότητός
294 3609 369 3664 ἐστιν
395 3614 441 3663 καὶ
467 3609 497 3663 τὸ
516 3613 585 3665 τέλει
611 3615 719 3668 τιθέναι
744 3608 774 3664 τὸ
799 3604 970 3666 δεινότατον·
999 3600 1293 3677 παραλαμβανόμενον

117 3689 172 3763 γὰρ
190 3693 220 3748 ἐν
236 3697 313 3764 μέσῳ
331 3691 512 3765 ἀμβλύνεται,
536 3691 665 3769 καθάπερ
683 3695 713 3749 τὸ
728 3696 929 3753 Ἀντισθένους·
940 3690 1076 3762 ,,,σχεδόν
1093 3689 1146 3762 γὰρ
1165 3686 1292 3757 ὀδυνήσει

117 3771 267 3848 ἄνθρωπος
289 3779 321 3830 la
344 3776 497 3851 φρυγάνων
519 3777 668 3840 ιῖναστιλς.“
704 3785 741 3835 Ei
761 3779 816 3854 γὰρ
838 3784 1022 3852 μετασυνθείη
1046 3775 1130 3835 οὕτως
1152 3793 1190 3834 τις
1211 3773 1292 3828 αὐτὸ·

118 3859 220 3930 σχεδὸν
236 3860 290 3936 γὰρ
308 3864 340 3916 έκ
357 3862 511 3937 φρυγάνων
535 3862 654 3924 ἀναστὰς
673 3862 837 3938 ἄνθρωπος,
863 3863 895 3917 οδ
914 3861 1014 3918 ταύτὸν
1037 3863 1077 3916 ἔτι
1095 3857 1292 3930 νομισθήσεται

118 3947 216 4016 λέγειν.

187 4034 214 4099 5)
231 4031 344 4086 Dissert.
362 4033 396 4102 11,
417 4037 456 4104 17,
475 4038 516 4089 35.

188 4117 214 4185 6)
231 4116 275 4171 Ad
291 4117 329 4171 M.
348 4118 489 4174 Caesarem
504 4119 536 4174 do
555 4121 622 4189 eloq.
642 4120 682 4175 cd.
701 4119 830 4174 Niebuhr.
850 4135 876 4187 p.
896 4121 936 4173 86.

189 4201 215 4269 7)
233 4205 303 4274 Περὶ
322 4199 452 4275 εὑρέσεως
470 4206 497 4258 in
515 4205 624 4260 Rhetor.
643 4205 688 4259 Gr.
708 4206 748 4259 ed.
767 4204 853 4258 Walz.
872 4203 918 4257 lX.
937 4221 964 4272 p.
983 4205 1043 4256 boo.

188 4285 304 4353 8101ιτ1.
324 4287 922 4360 V11,p.2150;cr.p.2ocAeu217A.
