2866 4996
711 256 730 312 9

638 325 791 347 -ὶ-

127 444 261 507 Grotium
283 441 505 519 Britannum¹),
527 442 670 502 Zellerum
678 440 705 518 ²)
728 441 775 500 his
791 440 932 512 omnibus,
956 456 1030 514 quae
1045 446 1159 500 veteres
1180 441 1302 515 scripto·

125 565 175 610 rcs
197 547 234 608 dc
254 545 481 607 Atheniensibus
503 544 630 605 Socratis
651 549 773 604 mortem
799 549 902 617 postea
923 541 1088 603 dolentibus
1109 550 1139 603 et
1161 545 1197 604 de
1219 561 1303 605 accu-

127 650 274 712 satoribus
289 649 351 722 ejus
364 648 474 722 punitis
488 648 645 708 memoriae
658 646 853 721 prodiderunt
860 645 897 724 ⁸),
919 646 1006 706 fidem
1019 646 1173 723 abrogare.
1200 648 1304 722 Neque

127 755 229 830 negari
256 757 367 826 potest,
404 755 589 824 argumenta,
627 766 701 823 quae
727 751 770 810 illi
802 751 858 811 viri
892 751 970 810 docti
1004 752 1176 812 testimoniis
1203 768 1303 812 eorum

126 860 339 933 opposuerunt,
367 845 486 913 maxind
508 868 571 912 esse
598 853 745 912 momenti.
805 853 936 913 Primum
964 855 1042 914 enim
1069 888 1112 897 —
1138 859 1172 914 ut
1198 856 1304 915 Zelleri

127 959 301 1022 sententiam
326 957 427 1030 paucis
458 952 584 1015 referam
609 983 653 1000 -
689 960 821 1015 auctores
848 957 892 1015 illi
924 961 954 1015 et
986 957 1157 1030 posterioris
1189 957 1304 1018 demum

126 1063 233 1124 aetatis
259 1065 327 1120 sunt
353 1075 447 1132 neque
474 1063 534 1117 tam
560 1056 618 1118 fide
646 1056 741 1131 digni,
777 1063 809 1117 ut
837 1059 873 1117 iis
901 1059 971 1118 satis
998 1059 1119 1119 credere
1145 1061 1303 1134 possimns;

127 1163 233 1226 deinde
264 1161 295 1221 in
322 1161 456 1221 omnibus
483 1159 546 1220 lere
573 1159 694 1233 singulis
721 1160 810 1220 rebus
831 1177 936 1235 magna
960 1169 1006 1221 est
1026 1162 1103 1221 inter
1124 1178 1174 1222 eos
1196 1162 1304 1222 discre-

125 1267 243 1342 pantia3
270 1263 394 1336 denique
420 1292 463 1308 -
489 1262 520 1320 id
549 1261 626 1336 quod
652 1262 808 1321 maximum
835 1270 880 1324 est
909 1296 948 1307 -
976 1279 1070 1336 neque
1098 1264 1182 1324 Plato
1210 1280 1304 1337 neque

126 1368 292 1442 Xenophon
313 1381 408 1439 neque
435 1364 460 1423 ia
487 1363 537 1437 qui
558 1363 731 1438 Apologiam
751 1365 992 1439 Xenophonteam
1020 1366 1137 1439 scripsit
1162 1367 1240 1426 illius
1260 1367 1304 1427 rei

125 1486 248 1544 usquam
269 1467 380 1528 faciunt
400 1468 589 1540 mentionem,
611 1468 697 1526 immo
711 1467 876 1541 Xenophon
891 1469 1018 1542 quinque
1039 1470 1123 1529 annis
1144 1475 1211 1543 post
1228 1485 1304 1528 mor·

125 1579 185 1632 tem
206 1570 338 1644 mag'stri
365 1585 431 1629 eum
460 1575 562 1629 contra
588 1569 710 1630 crimina
740 1574 939 1630 accusatorum
968 1569 1124 1631 defendere
1151 1571 1248 1630 studet
1274 1577 1305 1631 et

126 1674 217 1734 multo
239 1673 327 1732 etiam
353 1676 421 1744 post
441 1670 636 1749 Aeschines⁴)
665 1672 758 1746 ipsam
780 1672 1048 1734 condemnationem
1070 1674 1197 1734 Socratis
1219 1690 1304 1747 argn-

126 1776 216 1837 menti
242 1776 306 1835 loco
334 1772 435 1846 allert,
462 1773 494 1833 id
522 1775 599 1848 quod
627 1791 693 1834 eum
719 1790 778 1833 non
805 1773 949 1834 facturum
970 1774 1058 1836 fuisse
1080 1775 1303 1836 existimandum

126 1884 185 1951 est,
212 1878 238 1937 si
258 1875 453 1936 Athenienses
479 1878 558 1950 ipsos
584 1877 627 1935 ita
653 1877 715 1951 ejus
736 1877 940 1951 poenituisset,
968 1883 1002 1938 ut
1029 1879 1067 1938 ab
1088 1878 1305 1938 accusatoribus

126 1995 235 2054 poenas
256 1983 432 2052 repeterent.
447 2010 486 2021 -
502 1979 643 2052 Quocirca
663 1979 784 2039 multum
805 1978 902 2052 abest,
924 1984 958 2039 nt
979 1995 1053 2052 quac
1075 1995 1163 2053 snpra
1184 1980 1305 2054 exposui

126 2081 224 2142 omnia
244 2097 298 2154 pro
321 2080 408 2139 certis
428 2078 560 2140 habeam.
604 2080 742 2141 Attamen
762 2082 875 2141 haesito
898 2097 935 2141 an
957 2097 993 2141 ea
1015 2081 1146 2155 quidem,
1170 2098 1244 2155 quae
1267 2081 1304 2142 de

127 2184 226 2257 Anyto
247 2181 418 2242 Heracleam
439 2182 590 2242 Ponticam
617 2181 747 2258 profecto
774 2183 874 2257 ibique
895 2190 997 2245 necato
1019 2189 1192 2257 narrantur,
1218 2199 1303 2257 prae·

127 2287 228 2347 sertim
250 2302 315 2344 cum
329 2282 547 2360 Themistins‘),
568 2301 607 2344 ex
627 2285 693 2358 ipsa
713 2284 765 2344 illa
785 2285 904 2359 regione
918 2283 1067 2358 oriundus,
1091 2290 1303 2358 commemoret,

127 2406 180 2448 sua
206 2387 293 2447 etiam
326 2391 422 2446 aetate
455 2387 615 2447 Heracleae
651 2393 766 2448 exstare
799 2386 890 2461 Anyti
925 2387 1089 2462 sepulcrum
1117 2419 1159 2432 -
1186 2386 1231 2442 nal
1257 2388 1305 2444 νῦν

127 2491 256 2548 δείκνυται
285 2484 394 2546 ustrou
426 2486 527 2545 aendor
558 2490 630 2564 σῆμα
658 2493 684 2546 ἐν
711 2490 747 2565 τῷ
774 2490 923 2565 προαστείῳ
957 2485 989 2547 οὗ
1022 2484 1128 2563 μακρὰν
1159 2487 1305 2558 θαλάττης,

128 2581 210 2666 οὗπερ
231 2591 276 2648 καὶ
297 2590 406 2663 ἔβαλλον
426 2585 473 2649 τὸν
486 2581 595 2649 'Amor
616 2590 643 2650 οἱ
662 2586 839 2666 Ἡρακλεῶται
856 2626 892 2636 -
917 2593 1041 2666 speciem
1064 2590 1206 2666 quandam
1228 2592 1303 2651 veri-

126 2696 196 2755 tatis
217 2691 422 2770 praebeant‘).
466 2693 552 2754 Certe
573 2696 622 2755 vix
644 2696 783 2771 explicari
803 2713 888 2769 posse
909 2695 980 2754 mihi
1001 2695 1130 2766 videtur,
1159 2693 1303 2766 quomodo

126 2796 235 2857 lactum
256 2797 309 2868 sit,
336 2802 370 2856 ut
390 2795 504 2870 Anytus
530 2814 549 2856 a
575 2798 696 2872 reliquis
724 2798 938 2872 disjungeretur
964 2798 1084 2870 ejusque
1110 2797 1245 2856 interitus
1273 2801 1304 2855 et

127 2899 290 2973 sepulcrum
312 2897 349 2956 ad
370 2898 542 2958 Heracleam
563 2899 743 2972 potissimum
764 2905 795 2958 et
815 2917 874 2959 uon
895 2899 1005 2973 pariter
1020 2898 1057 2957 ad
1078 2899 1156 2971 ipsas
1170 2897 1302 2958 Athenas

127 2999 297 3060 referretur.
339 3000 443 3074 ltaque
464 3000 494 3058 id
510 3001 626 3074 quidem
646 3017 705 3060 non
727 3001 955 3061 commenticium
977 3017 1040 3060 esse
1062 3002 1199 3073 arbitror,
1221 2999 1301 3074 Any·

130 3187 332 3199 -——-.

197 3304 223 3371 1)
239 3301 309 3356 Hist.
329 3301 423 3356 Graec.
440 3301 505 3355 VIH
521 3318 548 3370 p.
566 3304 618 3356 683
636 3317 676 3370 sq.
696 3295 767 3367 (edi't.
785 3300 863 3369 Brit.)

196 3405 223 3473 2)
239 3403 311 3458 Hist.
331 3403 398 3472 phil.
417 3402 463 3457 Gr.
481 3403 508 3456 11
526 3420 553 3472 p.
573 3405 629 3471 138,
649 3407 672 3457 l.

197 3506 224 3574 3)
243 3506 282 3560 Cf.
300 3505 374 3560 locos
392 3521 459 3574 quos
476 3522 504 3574 p.
518 3508 542 3573 8,
561 3507 577 3558 3
595 3505 699 3560 laudari
717 3510 744 3560 et
760 3520 807 3560 eos
825 3521 893 3573 quos
910 3504 1052 3574 Menagius
1070 3504 1104 3559 ad
1121 3504 1200 3573 Dicg.
1217 3503 1248 3558 L.
1266 3503 1301 3569 ΙΙ,

127 3593 170 3660 Aa,
187 3591 309 3646 chlerus
327 3590 345 3645 l.
364 3591 381 3646 l.
400 3591 572 3659 collegerunt.

196 3695 222 3760 4)
239 3692 305 3748 Adv.
324 3692 392 3747 Tim.
410 3691 434 3761 ξ.
454 3693 512 3747 173.

195 3794 410 3866 HOEth

200 3883 229 3967 6)Ι
244 3885 469 3963 Forchhammerc
495 3902 585 3952 autem
610 3897 788 3957 Themistium
812 3897 870 3952 ideo
897 3897 1063 3966 impugnanti
1089 3899 1124 3966 (p.
1149 3896 1205 3964 67),
1233 3895 1303 3965 quod

127 3983 283 4039 incredibile
305 3984 353 4052 sit,
375 3981 549 4037 Heracleotae
573 3987 600 4037 et
621 3983 697 4052 ipsos
717 3983 882 4052 poenitentia
904 3989 998 4050 captos
1020 3983 1110 4050 Anyto
1133 3988 1237 4036 mortuo
1254 3982 1301 4035 hc·

126 4071 199 4124 noris
217 4075 417 4125 monumentum
434 4070 558 4139 erexisse,
576 4076 649 4124 recte
667 4071 695 4125 C.
708 4070 752 4124 Fr.
765 4070 932 4125 Hermannus
951 4069 978 4138 (l.
991 4068 1009 4124 l.
1021 4088 1047 4138 p.
1060 4070 1102 4138 12)
1120 4069 1159 4124 sic
1177 4067 1300 4134 occurrit,

127 4161 158 4210 nt
175 4156 279 4225 „ipsam
296 4155 413 4224 lapidum
431 4155 582 4224 congeriem
599 4156 695 4210 tnmuh
713 4155 754 4210 vel
773 4154 935 4210 monumenti
952 4155 1037 4210 instar
1054 4155 1146 4209 haberi
1163 4153 1301 4224 potuisse“

126 4241 207 4297 dicat
