2866 4996
694 293 734 349 50

553 579 603 664 V.
635 580 873 664 Homerica.

210 781 291 840 Inter
314 782 411 841 decem
434 783 573 843 librorum
585 783 767 843 Antisthenis
789 791 881 843 tornos
903 794 987 844 erant
1009 785 1075 856 duo,
1098 785 1177 844 VIII.
1194 791 1224 845 et
1240 787 1304 858 IX,

126 883 174 954 qui
202 884 357 957 praecipue
385 884 423 943 ad
450 886 719 959 interpretationem
747 888 917 959 spectabant
943 887 1072 945 Homeri.
1123 888 1185 960 Qua
1212 889 1244 946 in
1271 905 1305 947 re

124 984 263 1057 Diogenis
291 987 402 1046 Laertii
429 990 586 1047 auctoritas
607 994 637 1046 et
657 990 761 1047 Dionis
782 989 978 1060 chrysostomi
1001 989 1219 1065 testimonio¹),
1255 991 1304 1063 qui

125 1086 262 1158 Cynicum
300 1096 428 1154 nostrum
465 1090 636 1161 explicando
671 1090 798 1149 Homero
831 1106 949 1163 operam
983 1091 1096 1149 dedisse
1131 1091 1236 1162 tradit,
1274 1097 1306 1150 et

127 1188 242 1248 scholiis
269 1190 454 1250 confirmatur
476 1192 654 1264 Homericis,
683 1208 756 1265 quae
778 1191 980 1250 Antisthenem
1009 1194 1204 1266 compluribus
1231 1193 1304 1251 locis

124 1291 200 1349 inter
230 1298 333 1364 poetae
362 1293 538 1367 interpretes
565 1298 788 1352 commemorant
811 1293 833 1369 ).
858 1327 896 1336 -
921 1294 997 1366 Quid
1025 1312 1094 1354 vero
1122 1301 1238 1354 secutus
1266 1295 1306 1353 sit

126 1391 314 1452 Antisthenes
336 1394 366 1451 in
387 1395 608 1467 interpretando
631 1395 756 1454 Homero
780 1397 951 1469 intelligitur
974 1398 1203 1470 eXenophontis
1220 1397 1304 1468 Sym-

124 1494 257 1570 posi0⁸),
293 1496 344 1555 ubi
376 1496 587 1569 rhapsodorum
615 1498 761 1556 nationem
789 1498 916 1571 appellat
942 1498 1164 1571 ineptissimam,
1195 1499 1304 1571 quippo

125 1597 174 1667 qui
202 1598 368 1656 memoriter
395 1598 510 1670 quidem
539 1604 656 1657 teneant
685 1601 813 1657 carmina
834 1600 1002 1671 Homerica,
1032 1599 1145 1658 sed-
1169 1600 1200 1657 id
1223 1601 1303 1672 quod

124 1697 257 1756 Socrates
279 1699 361 1757 addit
385 1733 421 1743 -
446 1717 544 1758 reram
567 1701 771 1773 cogitationem
794 1696 852 1777 (ide
868 1698 1006 1778 ὑπονοίας)
1030 1708 1133 1775 poetae
1148 1717 1205 1759 uon
1220 1717 1301 1760 asse-

125 1806 259 1873 quantur.
304 1800 478 1859 Accuratius
499 1801 576 1859 idem
599 1802 778 1861 demonstrat
792 1804 848 1862 Dio
864 1804 1083 1878 chrysostomus
1106 1802 1137 1880 (l.
1155 1801 1197 1879 l.),
1220 1805 1304 1876 cnjus

123 1902 213 1961 Verba
238 1907 305 1960 sunt
331 1903 450 1961 haecce:
480 1900 494 1960 ὃ
517 1903 544 1960 δὲ
566 1899 644 1978 λόγος
665 1894 741 1970 οὗτος
759 1901 941 1972 Ἀντισθένους
963 1903 1017 1962 lint
1039 1902 1177 1978 πρότερον,
1205 1901 1246 1961 ὅτι
1268 1901 1302 1961 τὰ

103 2005 170 2077 ’μὲν
191 2001 263 2080 δόξῃ,
286 2000 319 2061 roi
343 2005 370 2061 δὲ
392 2001 508 2080 ἀληθείᾳ
531 2009 628 2078 εἴρηται
652 2002 687 2080 τῷ
709 2010 814 2084 notarii,
833 2008 852 2065 i.
869 2025 894 2067 e.
917 2026 1015 2068 veram
1031 2026 1111 2067 Suam
1127 2008 1302 2066 Sententiam

124 2107 154 2165 in
182 2108 246 2165 aliis
273 2108 361 2168 rebus
388 2107 549 2181 professum
576 2126 639 2168 esse
661 2110 834 2182 Homerum,
863 2111 892 2168 in
921 2111 985 2169 aliis
1013 2110 1247 2169 accomodantem
1270 2127 1301 2168 se

124 2209 162 2267 ad
189 2226 366 2269 communem
397 2213 560 2285 opinionem
588 2212 757 2272 obscurasse
786 2213 933 2286 allegoria.
978 2212 1065 2285 Cujus
1093 2212 1209 2284 quidem
1237 2229 1303 2269 sen-

125 2313 233 2370 tentiae
261 2312 451 2371 Antisthenes
489 2331 547 2373 non
583 2315 692 2388 primus
729 2315 784 2374 luit
809 2320 920 2374 auctor.
977 2314 1047 2372 Cum
1073 2315 1150 2373 eninr
1178 2315 1304 2372 maxime

124 2414 362 2487 pbilosophorum
389 2414 517 2475 inventis
542 2418 657 2494 priscae
687 2418 841 2491 religiones
870 2416 1041 2476 labefactari
1064 2421 1183 2487 coeptae
1205 2421 1305 2474 essent

125 2522 155 2574 et
192 2523 310 2589 praeter
347 2518 419 2575 alios
446 2519 642 2592 Xenophanes
670 2519 827 2579 Homerum
854 2525 974 2592 propter
1001 2519 1104 2590 impias
1132 2518 1167 2576 de
1196 2524 1305 2576 natura

125 2619 244 2679 deorum
271 2620 421 2692 opiniones
443 2622 627 2682 acerbissimo
649 2625 832 2696 castigasset,
858 2622 918 2694 jam
939 2626 1007 2679 ante
1029 2620 1230 2678 Antisthenem
1253 2637 1303 2678 ex-

125 2723 262 2780 stiterunt
283 2722 381 2792 multi,
405 2722 484 2781 velut
504 2724 688 2796 Theogenes,
711 2723 912 2792 Metrodorus,
936 2721 1157 2788 StesimbrotuS,
1182 2722 1301 2794 Glauco,

124 2808 347 2882 Anaximander
362 2823 591 2894 Lampsacenum
621 2823 823 2895 Anaxagorae,
853 2822 977 2894 denique
1004 2823 1116 2894 antiqui
1145 2823 1301 2895 sophistae,

125 2925 174 2996 qui
195 2929 299 2996 poetae
323 2925 481 2981 sententias
503 2942 566 2982 cum
589 2925 671 2981 novis
693 2924 929 2996 philosophorum
952 2923 1075 2981 decretis
1090 2925 1131 2981 ita
1146 2924 1301 2983 conciliare

124 3025 288 3095 studebant,
311 3029 344 3081 ut
365 3025 469 3095 omnia,
494 3041 566 3096 quae
589 3026 625 3083 ab
649 3026 684 3082 iis
707 3026 914 3096 discreparent,
937 3023 1077 3096 allegoria
1092 3025 1221 3083 involuta
1236 3042 1299 3083 esse

124 3125 303 3184 affirmarent
329 3130 415 3197 atque
442 3125 733 3199 interpretationibus
762 3126 847 3184 modo
870 3126 971 3183 ethicis
993 3125 1078 3183 modo
1101 3126 1226 3197 physicis
1249 3142 1298 3182 ex-

123 3224 309 3301 plicarcut⁴).
354 3227 481 3298 Quorum
513 3229 655 3288 rationem
690 3230 754 3302 quis
786 3229 907 3286 miretur·
940 3227 1101 3301 amplexum
1130 3242 1193 3284 esse
1214 3225 1300 3282 Anti-

124 3331 262 3402 sthenem,
288 3347 372 3402 quem
394 3331 543 3404 vulgarem
566 3331 601 3389 de
624 3331 678 3388 diis
701 3331 865 3405 opinionem
880 3334 967 3402 atque
983 3329 1138 3402 religiones
1152 3328 1302 3386 institutas

123 3433 308 3504 impugnasse
346 3449 433 3506 supra
475 3432 680 3507 exposuimus?
741 3432 875 3505 Exempli
911 3450 998 3492 causa
1033 3432 1114 3490 illum
1146 3429 1302 3488 Clementis

194 3703 219 3768 1)
237 3700 309 3754 Orat.
328 3700 398 3770 LIII,
417 3718 443 3769 p.
462 3704 521 3754 276.
540 3701 631 3755 Reisk.

192 3805 218 3871 2)
237 3802 326 3857 Schol.
345 3802 378 3856 ad
396 3801 490 3870 Odyss.
510 3799 549 3870 α’,
568 3806 581 3855 1
601 3819 628 3871 p.
646 3804 662 3855 9
681 3803 795 3870 Buttm.;
820 3798 853 3870 ε’,
872 3805 921 3854 211
941 3818 968 3868 p.
990 3802 1051 3868 1933
1070 3796 1103 3867 η’,
1121 3802 1172 3852 257
1190 3815 1216 3867 p.
1234 3802 1300 3869 2673

124 3886 150 3958 ι’,
169 3892 219 3941 525
237 3906 265 3956 p.
284 3890 341 3942 328.
363 3917 390 3926 —
421 3887 510 3941 Schol.
528 3887 623 3940 Venct.
642 3885 675 3939 ad
691 3885 768 3939 Iliad.
796 3884 834 3955 λ’,
853 3888 917 3954 637;
945 3883 984 3953 ψ’,
1003 3887 1044 3938 65.
1064 3915 1096 3924 -
1117 3882 1205 3938 Schol.
1224 3883 1300 3952 Lipa

124 3973 158 4027 ad
176 3973 206 4026 ll.
226 3971 256 4041 o',
277 3977 334 4027 123.
352 3973 474 4041 -apud
492 3972 651 4026 Winckelm.
671 3988 697 4040 p.
716 3974 826 4025 24-.28.

196 4077 221 4143 3)
239 4076 287 4143 Ill,
306 4079 329 4128 6.

193 4180 219 4246 4)
238 4177 276 4230 Cf.
294 4177 412 4231 Lobeck.
430 4177 561 4245 Aglaoph.
580 4175 602 4244 I,
622 4179 671 4229 155
689 4192 728 4244 sq.
746 4173 891 4228 Bernhard.
910 4173 979 4227 Hist.
997 4174 1048 4227 litt.
1068 4173 1112 4226 Gr.
1132 4171 1165 4240 lI,
1186 4175 1208 4224 1.
1227 4188 1253 4240 p.
1266 4174 1300 4226 66

122 4263 174 4333 (ed.
192 4262 236 4330 ΙΙ).
254 4262 351 4316 Zeller.
369 4261 439 4315 Hist.
458 4262 524 4331 phil.
543 4261 588 4316 Gr.
606 4261 627 4330 I,
646 4263 705 4316 703.
