2866 4996
588 1068 734 1208 Caput
766 1069 852 1173 III.

440 1306 502 1400 lle
532 1306 632 1402 aliis
662 1305 999 1402 Antisthcuilrus.

642 1574 793 1583 ——-——-

217 1755 370 1827 Reliquum
391 1761 448 1827 est,
472 1760 505 1813 ut
526 1755 562 1813 de
585 1756 707 1815 diversis
729 1756 901 1828 hominibus,
926 1759 975 1831 qui
997 1756 1179 1817 Antisthenis
1201 1774 1309 1819 nomen

131 1857 273 1927 tulerunt,
302 1873 387 1929 quam
415 1863 517 1929 potero
544 1858 712 1917 brevissime
741 1876 890 1932 exponam.
942 1859 1043 1930 Neque
1071 1864 1168 1918 tamen
1197 1878 1308 1933 omues,

131 1957 180 2031 qui
208 1975 227 2016 a
252 1958 399 2017 veteribus
421 1965 693 2032 commemorantur,
724 1961 914 2033 enumerabo,
942 1961 994 2019 sed
1015 1961 1171 2032 scriptores
1193 1967 1308 2021 tautum

131 2074 247 2132 eosque,
271 2060 407 2134 quicum
429 2061 535 2134 Cynico
557 2067 656 2122 nostro
679 2061 815 2121 confundi
837 2068 967 2135 possunt.

219 2161 249 2239 1)
271 2160 472 2222 Antisthenen
495 2163 647 2236 quendum,
669 2163 813 2222 hominem
834 2164 1016 2237 locupletem,
1039 2165 1090 2223 sed
1111 2165 1156 2223 rei
1172 2165 1309 2224 militaris

134 2265 220 2338 plane
241 2263 416 2337 imperitum,
440 2265 489 2337 qui
511 2265 696 2323 nihilominus
718 2265 876 2338 imperator
898 2264 990 2325 factus
1005 2271 1077 2337 erat,
1101 2275 1309 2329 commemorat

129 2364 336 2441 Xenophon¹).
381 2364 520 2437 Aequalis
540 2365 596 2425 fuit
618 2366 706 2438 igitur
719 2367 855 2426 Socratis.
898 2367 1024 2440 Choragi
1045 2385 1164 2427 munere
1179 2368 1304 2443 iungens

129 2468 289 2541 complures
315 2473 517 2540 reportaverat
537 2471 673 2528 victorias
681 2468 722 2545 ²),
751 2485 809 2541 qua
829 2486 861 2527 re
884 2469 968 2527 valde
990 2469 1150 2542 probabilis
1179 2470 1212 2529 fit
1234 2489 1305 2530 cou-

127 2571 249 2642 jectura,
276 2569 405 2641 eJusdem
431 2572 605 2630 mentionem
633 2571 697 2629 lieri
725 2572 756 2629 in
777 2571 965 2643 inscriptione
987 2570 1164 2645 quadam³),
1191 2573 1305 2646 inqua

128 2671 204 2729 inter
232 2671 318 2742 alica,
346 2673 572 2745 quipuerorum
593 2675 680 2732 choro
703 2673 863 2745 Thargeliis
885 2671 1030 2743 vicerant,
1053 2674 1218 2732 nominatur
1241 2655 1331 2733 An·-

127 2772 267 2831 tistheues
294 2771 462 2845 Antiphutis
487 2774 563 2832 filius
585 2774 746 2846 Cytherius.
791 2772 838 2830 Ad
860 2772 980 2830 eandem
1001 2771 1149 2830 victoriam
1179 2775 1238 2833 alia
1260 2777 1304 2834 in-

128 2871 281 2949 scriptio⁴)
303 2876 451 2946 pertinere
472 2875 595 2948 videtur,
612 2877 662 2935 ubi
674 2876 750 2934 idem
766 2873 953 2933 Antisthenes
969 2874 1123 2945 reperitur.
1164 2876 1303 2947 „Etenim

128 2976 178 3048 qui
204 2975 322 3034 honoris
349 2993 435 3035 causa
456 2979 503 3036 vel
524 2978 667 3050 tripodem
688 2978 734 3036 vel
756 2991 891 3036 coronam
913 2975 959 3033 vel
980 2975 1038 3032 talc
1061 2975 1199 3048 quiddam
1221 2995 1302 3037 acce-

126 3075 1300 3150 mmmmmwmwwmmflssmmmmmmffim

128 3185 186 3252 est,
223 3197 307 3254 quem
334 3180 544 3254 Aristophanes
554 3179 579 3256 ⁵)
606 3186 726 3254 propter
750 3179 885 3239 libidines
912 3179 1048 3251 exagitat.
1105 3179 1267 3238 Scholiasta
1275 3178 1302 3258 ⁸)

127 3282 242 3355 quidem
262 3299 386 3356 cumque
408 3288 523 3342 secutus
541 3279 680 3357 Suidasl)
702 3286 811 3352 narrat,
833 3280 913 3338 illum
934 3279 1137 3340 Antisthenen
1158 3282 1302 3341 medicum

196 3498 221 3567 1)
238 3499 349 3554 Memor.
368 3497 459 3568 111,4‚
479 3502 492 3551 1
513 3513 551 3566 sq.

193 3583 220 3652 2)
237 3583 304 3637 Ibid.
328 3583 386 3653 §a
415 3581 466 3652 οὐχ
484 3579 566 3656 ὁρᾷς,
594 3579 637 3634 ὅτι
660 3584 705 3635 καὶ
725 3577 819 3640 ὁσάκις
838 3576 1004 3651 κεχορήγηκε
1031 3583 1100 3632 πᾶσι
1127 3587 1184 3640 τοῖς
1203 3588 1301 3653 χοροῖς

125 3671 274 3734 νενίκηκεν.

192 3752 218 3821 2)
235 3752 353 3806 Boeckh.
373 3752 449 3820 Corp.
467 3751 587 3818 inscript.
607 3750 651 3803 Gr.
669 3747 720 3802 vol.
738 3748 759 3816 I,
777 3751 836 3801 213.
854 3766 880 3817 p.
900 3751 958 3802 343.
978 3751 1036 3803 344.

192 3841 219 3906 4)
236 3837 303 3891 Ibid.
329 3839 386 3891 128.
412 3854 439 3905 p.
466 3839 515 3889 174
534 3851 573 3903 sq.
602 3831 723 3902 ὁὶερεὺς
745 3832 904 3893 Πανδίονος
929 3833 1100 3901 Ἀντισθένης
1124 3832 1300 3907 Ἀντιφάτους

124 3919 265 3995 Κυθήριος
283 3922 424 3989 ἀνέθηκεν.

192 4008 218 4075 5)
235 4008 340 4061 Eccles.
359 4025 383 4060 v.
401 4009 452 4060 366
470 4022 508 4073 sq.
528 4011 555 4058 et
572 4007 630 4057 806.

191 4095 217 4160 6)
235 4092 277 4146 Ad
302 4111 325 4145 v,
352 4094 410 4146 366.
438 4090 609 4155 Ἀντισθένης
638 4086 729 4156 ἰατρὸς
752 4087 944 4160 θηλυδριώδης
966 4093 1012 4142 καὶ
1035 4077 1114 4148 οὗτος
1139 4093 1195 4146 τῶν
1213 4108 1297 4143 καττι-

123 4174 266 4247 πρώκτων.

192 4263 217 4329 7)
236 4277 256 4315 s.
275 4279 298 4315 v.
317 4257 442 4331 πρωκτός
460 4267 486 4314 et
498 4261 639 4330 χεζητιῶν.
