2866 4996
708 288 726 349 5

637 376 788 386 --——-—-

125 481 229 551 Itaque
251 495 315 537 cum
335 478 481 550 Diogenes
501 477 637 536 Laertius
664 478 721 536 alio
748 478 811 537 loco
838 477 915 535 idem
942 476 1050 535 dictum
1077 475 1190 536 diverso
1218 475 1303 534 modo

127 577 280 654 afferat'),
326 580 523 638 narrationem
556 579 592 638 de
626 579 733 639 virtute
768 578 950 638 Antisthenis
979 578 1090 651 proelio
1125 578 1304 651 Tanagrensi

127 681 315 756 comprobata
341 686 443 755 postea
473 681 588 740 demum
621 681 746 741 affictam
773 697 837 741 esse
871 682 1025 740 existimat.
1079 680 1136 740 Sed
1163 679 1305 753 ejusmodi

127 784 353 859 discrepantiam
381 784 458 858 apud
479 784 639 856 Diogenem
665 801 724 844 nau
746 784 834 843 semel
860 789 972 843 tantum
994 782 1141 855 reperias,
1163 788 1251 855 atque
1273 781 1303 839 id

127 890 237 962 ipsum,
267 886 343 960 quod
366 902 428 946 rem
449 885 488 945 ad
508 887 580 946 illud
601 890 744 961 proelium
766 889 952 962 Tanagrense
977 885 1056 945 haud
1078 902 1148 946 sane
1168 901 1304 959 magnum

127 997 180 1050 aut
205 994 306 1049 uotum
336 989 450 1060 retulit,
485 989 617 1050 veritatis
649 992 772 1064 speciem
800 992 931 1065 praebet.
975 988 1089 1049 Deinde
1116 1004 1212 1048 nonne
1239 986 1304 1046 fieri

127 1093 238 1168 potuit,
261 1096 295 1151 ut
315 1090 448 1151 Socrates
468 1091 558 1150 multo
574 1092 688 1153 demum
709 1101 788 1168 post,
812 1111 877 1154 cum
891 1094 1080 1153 Antisthenes
1099 1092 1159 1165 jam
1173 1095 1304 1149 uteretur

127 1196 192 1269 ejus
213 1192 435 1266 consuetudine,
459 1194 558 1254 oblata
579 1198 729 1256 occasione
751 1197 829 1256 illius
851 1197 955 1270 proelii
977 1195 1153 1255 mentionem
1174 1189 1304 1253 faceret?

127 1298 262 1372 Denique
283 1311 320 1355 ue
341 1297 536 1356 necessarium
557 1299 674 1371 quidem
696 1316 759 1359 esse
780 1301 896 1359 uidetur
917 1303 1055 1371 statuere,
1077 1297 1128 1356 illo
1150 1295 1227 1355 dicto
1242 1294 1304 1353 An·

128 1401 284 1461 tisthenem
309 1397 369 1471 jam
396 1399 568 1458 innumero
600 1400 705 1461 referri
734 1402 861 1461 Socratis
888 1401 1081 1461 familiarium.
1138 1398 1213 1458 Nam
1240 1414 1305 1457 cum

127 1504 177 1563 hic
207 1503 329 1562 multum
359 1498 448 1560 fuerit
478 1518 543 1561 cum
577 1504 726 1578 sophistis,
762 1504 979 1576 Antisthenen,
1014 1520 1115 1564 eorum
1149 1501 1303 1578 alumnum,

127 1606 216 1665 etiam
237 1609 305 1664 ante
326 1602 357 1661 id
379 1609 500 1676 tempus,
523 1620 580 1676 quo
602 1604 695 1665 factus
717 1612 761 1666 est
775 1607 903 1667 Socratis
925 1607 1096 1684 discipulus,
1118 1605 1150 1663 in
1171 1603 1304 1664 notitiam

126 1709 190 1782 ejus
211 1706 377 1781 pervenisse
398 1712 621 1766 cousentaneum
642 1714 696 1768 est.

212 1809 385 1880 Priusquam
408 1809 484 1866 enim
506 1808 618 1868 Socrati
640 1826 671 1870 se
693 1812 820 1885 addixit,
848 1811 1001 1885 disciplina
1022 1827 1090 1869 usus
1112 1814 1157 1869 est
1177 1808 1304 1882 Gorgiae

127 1912 254 1971 rhetoris
263 1909 304 1986 ²),
339 1926 424 1982 quem
453 1911 523 1969 satis
551 1917 664 1971 constat
697 1913 743 1974 Ol.
767 1916 864 1986 88,2
897 1911 995 1990 (427)
1022 1913 1147 1986 primum
1174 1910 1305 1970 Athenas

128 2015 243 2074 venisse
264 2012 363 2084 ibique
386 2027 472 2086 saepe
494 2021 701 2074 commoratum
722 2033 794 2075 esse.
838 2017 896 2075 Per
908 2015 1055 2089 'Gorgiam
1077 2031 1141 2072 cum
1156 2013 1305 2072 Eleaticae

126 2113 328 2191 philosophiae
343 2114 492 2174 scientiam
507 2122 677 2176 consecutus
691 2134 754 2178 esse
768 2117 894 2190 videtur,
917 2123 978 2176 tum
998 2117 1139 2190 imprimis
1160 2120 1223 2174 arte
1237 2115 1305 2174 rhe-

126 2218 230 2289 torica,
252 2232 338 2290 quam
360 2216 409 2275 ille
431 2218 586 2290 praecipue
608 2217 769 2293 factitabat,
791 2220 950 2278 instructus
971 2225 1024 2278 est.
1069 2218 1157 2292 CnJus
1178 2216 1305 2290 disciph-

128 2336 185 2380 nae
206 2318 328 2390 vestigia
355 2319 386 2375 in
413 2319 657 2391 generedicendi
685 2321 867 2381 Antisthenis
893 2322 1061 2395 apparuisse
1082 2318 1159 2379 inira
1181 2336 1304 2378 comme·

126 2421 313 2480 inarabimus.
347 2421 492 2479 Narratur
514 2421 600 2480 etiam
621 2423 652 2481 iu
666 2424 850 2483 Isthmiorum
872 2422 1037 2496 frequentia
1051 2428 1081 2481 et
1094 2423 1260 2495 vituperare
1275 2426 1306 2480 et

126 2523 247 2582 laudare
268 2521 392 2581 voluisse
413 2522 622 2598 Athenienses,
651 2525 818 2598 Thebanos,
847 2525 1106 2600 Lacedaemoniam
1136 2522 1187 2582 sed
1208 2523 1305 2581 multi·

127 2625 229 2685 tudine
250 2639 365 2696 eorum,
395 2624 445 2696 qui
473 2641 510 2684 ex
530 2626 576 2684 his
604 2627 725 2687 urbibus
747 2626 967 2701 confluxissent,
995 2627 1033 2686 ab
1054 2643 1089 2686 eo
1111 2626 1231 2686 consilio
1254 2626 1304 2685 de·

128 2728 248 2787 territus
270 2741 333 2784 esse
354 2723 448 2784 fertur
456 2724 492 2805 ³).
542 2729 612 2801 Quis
634 2734 679 2788 est
700 2732 770 2804 quin
797 2732 895 2790 statim
917 2730 1120 2790 reminiscatur
1141 2728 1305 2802 Gorgianac

126 2830 207 2890 illius
232 2829 264 2887 in
291 2835 444 2904 utramque
472 2835 585 2905 partem
607 2830 772 2905 disputandi
795 2834 882 2904 artis,
912 2848 986 2906 quae
1014 2849 1076 2891 rem
1097 2830 1223 2904 augebat
1243 2831 1305 2889 lau·

129 2931 225 2990 dando
247 2931 496 3006 vituperandoque
518 2949 619 2991 rursus
641 2931 845 3010 affligebat⁴)?
881 2933 984 3007 Neque
1000 2934 1093 2994 solum
1107 2951 1171 2993 cum
1187 2932 1305 3004 Gorgia,

128 3032 180 3092 sed
202 3032 289 3092 etiam
311 3051 375 3092 cum
396 3035 461 3093 aliis
483 3035 619 3107 sophistis
641 3035 668 3093 ei
689 3036 929 3095 necessitudinem
951 3035 1157 3108 intercessisse,
1172 3036 1306 3093 Socrates

127 3135 159 3193 in
187 3135 335 3207 Symposio
362 3137 563 3208 Xenophontis
572 3134 597 3214 ⁵)
624 3142 725 3196 auctor
751 3144 809 3211 est,
842 3139 891 3212 qui
920 3137 1040 3197 Calliam
1066 3137 1103 3196 ab
1130 3137 1306 3196 Antisthene

127 3235 168 3296 ad
194 3235 350 3295 Prodicum
378 3242 408 3296 et
434 3239 571 3311 Hippiam
597 3238 752 3298 adductum
780 3256 843 3299 esse
872 3244 1085 3299 commemorat.
1116 3239 1306 3312 Protagoram

128 3354 244 3412 quoque
266 3339 294 3397 ei
320 3338 398 3398 haud
425 3340 555 3414 ignotum
584 3338 673 3421 fuisse
699 3341 767 3400 inde
794 3340 930 3416 colligere
951 3342 1033 3413 licet,
1062 3339 1139 3415 quod
1161 3339 1254 3398 abeo
1277 3344 1307 3398 et

133 3456 337 3467 ——u—-—

198 3519 223 3586 1)
240 3519 274 3587 Π,
293 3521 334 3573 31.
354 3517 478 3581 εἰπόντος
495 3523 567 3592 γοῦν
584 3539 657 3581 τινος
672 3519 745 3590 αὐτῷ
760 3518 797 3581 ὡς
816 3524 856 3587 εἴη
871 3519 1042 3589 Ἀντισθένης
1055 3518 1158 3595 μητρὸς
1175 3516 1305 3593 Θρᾴττης,

128 3601 183 3671 „ab
201 3601 226 3656 δ’
244 3598 337 3672 ᾤου“,
355 3605 424 3675 ἔφη,
444 3603 550 3674 ,οὕτως
568 3603 603 3664 ἄν
619 3612 751 3677 γενναῖον
767 3606 799 3660 rx
815 3605 896 3662 δυοῖν
910 3604 1063 3674 Ἀθηναίων
1079 3608 1247 3676 γενέσθαί(

196 3690 222 3756 2)
240 3688 316 3757 Diog.
334 3688 366 3742 L.
380 3689 431 3758 VI,
453 3694 478 3745 2.
508 3679 594 3752 Οὗτος
612 3695 670 3745 κατ’
688 3689 773 3764 ἀρχὰς
789 3690 844 3764 μὲν
860 3686 962 3759 ἤκουσε
979 3694 1099 3763 Γοργίου
1116 3693 1165 3743 τοῦ
1183 3685 1305 3760 ῥήτορος.

127 3803 162 3813 -
179 3773 214 3827 cf.
233 3773 308 3828 Suitl.
327 3789 348 3828 ε.
366 3791 389 3828 v.
405 3772 473 3830 Ἇντ.
492 3772 568 3842 „ont
587 3771 711 3847 ῥητόρων
727 3771 885 3846 φιλόσοφος
901 3771 1108 3847 Σωκρατικός.“

196 3859 222 3927 3)
239 3859 316 3927 Diog.
329 3859 360 3912 L.
375 3859 454 3928 vta.
473 3862 542 3930 φησὶ
560 3858 585 3912 δ’
599 3857 773 3932 Ἕρμιππος,
793 3856 835 3912 ὅτι
851 3862 992 3929 προείλετο
1011 3859 1042 3916 ἓν
1059 3862 1091 3932 τῇ
1103 3861 1159 3915 τῶν
1173 3856 1306 3931 Ἰσθμίων

127 3941 282 4016 πανηγύρει
300 3948 383 4013 ψέξαι
406 3962 434 3998 τε
456 3945 504 3996 καὶ
526 3944 671 4000 ἐπαινέσαι
685 3942 862 4010 Ἀθηναίους,
888 3947 1038 4012 Θηβαίους,
1061 3943 1305 4016 Λακεδαιμονίους

129 4048 153 4081 κ.
172 4047 195 4082 τ.
214 4032 237 4081 λ.

199 4115 225 4183 4)
243 4115 296 4169 Cic.
314 4115 389 4169 Brut
408 4129 430 4168 c.
450 4116 490 4183 13,
509 4116 550 4168 47.

196 4201 223 4268 5)
239 4199 291 4268 IV,
310 4202 351 4254 63.
384 4199 447 4251 ολδα
470 4201 539 4271 μέν,
566 4198 636 4269 ἔφη,
660 4197 692 4252 σὲ
712 4199 839 4254 Καλλίαν
860 4199 968 4254 τουτονὶ
989 4194 1243 4270 προαγωγεύοαντα
1267 4200 1305 4266 τῷ

128 4287 210 4356 σοφῷ
227 4284 359 4358 Προδίκῳ
445 4283 508 4338 olda
526 4284 561 4338 δέ
576 4298 607 4338 σε
621 4281 716 4354 Ἱππίρ
733 4287 770 4353 τῷ
786 4282 883 4353 Ἠλείῳ
901 4302 925 4336 κ.
943 4286 1007 4339 τ.λ.
