2866 4996
666 273 819 370 —32-

239 459 395 518 Infirmatis
426 461 516 535 igitur
542 463 675 521 omnibus
701 464 892 536 argumentis,
924 479 998 536 quae
1027 480 1080 536 pro
1106 464 1164 522 illis
1191 459 1335 524 declama·

153 561 281 619 tionibus
307 561 482 633 afferuntur,
518 580 697 637 opponamus
732 565 804 637 alia,
839 580 913 637 quae
942 566 1051 638 majore
1087 566 1115 624 vi
1152 571 1253 625 contra
1284 583 1335 625 eas

154 669 292 736 pugnant.
315 663 360 722 Ac
381 671 497 737 praeter
511 667 607 724 omnia
628 666 658 724 id
674 665 954 726 commemorandum
977 672 1021 726 est
1041 667 1154 741 priores
1176 669 1332 742 sophistas,

155 764 280 837 Gorgiae
314 767 465 839 aequales,
511 767 734 827 declamationes
771 784 884 826 sumere
920 768 1020 827 solitos
1053 785 1116 828 esse
1153 785 1189 827 ex
1226 787 1333 843 genere

155 865 394 939 demonstrativo,
431 869 507 941 qood
535 876 648 928 constat
681 870 710 927 in
738 869 954 928 laudationibus
982 877 1032 929 aut
1060 871 1333 944 vituperationibus.

155 968 307 1028 Orationes
333 986 401 1028 vero
423 971 461 1029 ad
488 972 678 1031 imitationem
706 970 762 1029 fori
784 970 880 1044 fictas,
909 972 929 1029 i.
952 987 978 1031 e.
1005 990 1041 1032 ex
1062 988 1169 1045 genere
1190 975 1332 1047 repetitas

151 1070 297 1143 judiciali,
326 1072 403 1130 eirca
429 1072 570 1133 Demetrii
597 1073 709 1133 demum
732 1073 867 1132 Phalerei
895 1079 1008 1146 tempus
1036 1074 1094 1132 dici
1123 1082 1240 1149 coeptas
1268 1091 1332 1134 csse

153 1173 596 1252 aucto1·estQuinctilianus¹).
646 1175 698 1235 Oui
719 1176 819 1248 generi
845 1192 909 1234 cum
936 1175 1004 1234 illae
1026 1174 1251 1236 declamationes
1278 1169 1331 1235 ad-

154 1275 324 1346 scribendae
351 1276 422 1348 sint,
460 1282 542 1350 patet
568 1294 616 1335 eas
649 1294 707 1335 non
738 1277 777 1335 ad
805 1277 1023 1350 Antisthenem,
1062 1282 1192 1337 veterum
1213 1279 1330 1338 illoram

154 1378 348 1451 sophistarum
369 1379 533 1451 aequalem,
556 1377 661 1438 referri
683 1394 776 1451 posse.

239 1480 315 1553 Quid
336 1496 404 1539 vero
433 1481 523 1539 multa
551 1480 644 1538 dicam
672 1480 708 1539 de
735 1480 866 1553 ineptiis,
895 1481 1001 1552 quibus
1023 1487 1146 1554 utraque
1168 1484 1263 1542 oratio
1285 1499 1332 1542 re-

154 1581 230 1639 ferta
252 1581 315 1640 est?
358 1582 564 1655 Unusquisque
586 1582 683 1640 taedio
706 1599 805 1641 earum
821 1580 997 1654 defatigatos
1019 1583 1214 1657 confitebitur,
1241 1601 1333 1658 nugas

154 1688 214 1742 tam
242 1682 362 1756 frigidas
396 1690 512 1757 tamque
540 1684 680 1743 absurdas
714 1686 805 1758 magis
833 1684 959 1743 rhetoris
992 1685 1113 1758 alicujus
1144 1687 1329 1746 umbratilem

154 1786 389 1845 exercitationem
397 1784 423 1862 ²)
446 1802 531 1859 quam
553 1787 724 1860 gravitatem
745 1787 877 1846 redolere
898 1786 1091 1845 Antisthenis.

239 1887 297 1947 Sed
318 1894 396 1947 totns
418 1889 465 1947 hic
485 1888 565 1947 locus
586 1889 730 1948 artissimo
744 1889 860 1949 vinculo
882 1889 1048 1950 continetur
1069 1906 1133 1948 cum
1156 1906 1191 1948 ea
1206 1891 1333 1963 quaesti-

155 2006 225 2062 one,
262 1991 331 2063 quid
358 1991 474 2050 omnino
509 1990 544 2050 de
573 1991 844 2063 declamationibus,
873 2008 947 2064 quae
980 1993 1110 2065 priorum
1137 1993 1332 2066 sophistarum

154 2108 217 2152 esse
245 2092 391 2165 feruntur,
427 2095 611 2154 statuendum
642 2096 688 2153 sit.
746 2094 866 2153 Praeter
901 2093 1108 2153 Antistheneas
1139 2095 1216 2154 enim
1244 2096 1332 2154 etiam

154 2195 279 2268 Gorgiae
302 2196 422 2268 ejusque
444 2194 577 2269 discipuli
591 2196 801 2255 Alcidamantis
823 2201 937 2255 exstare
959 2196 1042 2254 binas
1064 2197 1135 2255 satis
1155 2203 1255 2257 notum
1277 2203 1332 2255 est.

155 2297 199 2356 De
222 2297 326 2369 quibus
348 2298 497 2368 Fossium,
532 2315 605 2370 quae
627 2299 657 2356 in
679 2298 920 2358 commentatione
943 2296 979 2357 de
1006 2298 1116 2372 Gorgia
1136 2300 1280 2358 LeontIno
1302 2318 1332 2374 p.

156 2401 196 2458 78
224 2416 267 2472 sq.
295 2399 519 2458 luculentissIme
547 2399 719 2474 disputavit,
748 2399 881 2459 omnibus
908 2399 1026 2460 tandem
1054 2401 1218 2460 hominibus
1239 2401 1333 2461 doctis

154 2518 214 2561 non
246 2502 339 2560 minus
370 2503 547 2575 persuasisse
580 2503 681 2576 selim,
729 2519 815 2577 quam
853 2503 1050 2563 recentissimo
1083 2519 1183 2562 carrum
1218 2503 1335 2577 editori,

155 2605 323 2664 Hermanno
355 2603 534 2680 Sauppio³),
576 2605 735 2679 persuasit,
777 2605 828 2678 qni
865 2621 964 2664 omnes
1004 2605 1173 2665 subditicios
1204 2622 1268 2665 esse
1304 2611 1335 2666 et

154 2707 270 2780 ineptae
292 2707 486 2780 posteriorum
512 2707 708 2781 sophistarum
730 2708 776 2767 vel
802 2708 951 2767 rhetorum
973 2707 1120 2768 sedulitati
1147 2707 1247 2768 deberi
1269 2725 1332 2767 rec-

155 2808 265 2867 tissIme
286 2808 356 2866 mihi
376 2808 507 2882 jndicore
529 2807 652 2868 videtur.

242 2912 321 2984 Quae
348 2927 412 2969 cum
443 2911 485 2969 ita
512 2911 583 2982 sint,
620 2910 685 2970 illas
723 2910 794 2969 duas
827 2911 1051 2970 declamationes
1084 2911 1122 2971 ab
1158 2910 1333 2984 Antisthene

156 3014 262 3086 Cynico
285 3012 492 3086 abjudicandas
519 3016 549 3071 et
570 3012 617 3071 vel
644 3029 662 3070 a
689 3014 850 3072 recentiore
873 3013 987 3071 demum
1013 3013 1147 3085 rhetore,
1177 3014 1227 3086 qui
1247 3013 1333 3073 Anti·

156 3115 287 3174 sthenem
310 3115 436 3189 Gorgiae
458 3115 610 3188 disciplina
636 3131 718 3173 usum
747 3132 809 3175 esse
837 3115 915 3175 haud
942 3116 1108 3188 ignoraret,
1136 3132 1194 3174 non
1216 3117 1335 3176 insoIIto

156 3218 233 3291 apud
260 3222 373 3276 veteres
409 3233 488 3277 more
516 3218 679 3291 suppositas
714 3219 759 3278 vel
792 3218 830 3276 ab
863 3218 920 3276 alio
947 3217 1121 3277 Antisthene
1154 3219 1333 3293 conscriptas

157 3337 219 3381 esse
241 3336 398 3379 censemus.

243 3422 362 3482 Silentio
398 3439 491 3496 paene
526 3424 687 3496 praeterire
723 3439 839 3496 possum
874 3422 1025 3495 epistolam
1062 3420 1220 3495 quandam,
1259 3439 1334 3495 quoe

156 3525 339 3584 Antisthenis
367 3541 471 3584 nomen
498 3540 569 3599 prae
596 3542 627 3584 se
655 3522 756 3600 tow).
805 3524 877 3584 Cum
904 3525 980 3584 onim
1007 3529 1099 3582 totum
1125 3523 1198 3582 illud
1225 3526 1333 3598 episto-

155 3629 253 3686 larum<
275 3645 365 3702 genus
393 3628 520 3702 Bentleji
542 3628 772 3702 praeclarissimo
801 3626 836 3685 de
859 3626 1021 3685 Phalaridis
1051 3627 1181 3700 epistolis
1203 3626 1279 3685 libro
1301 3628 1332 3685 in

228 3829 418 3897 1)11,4,41:
444 3827 512 3882 Nam
535 3826 612 3881 fictas
637 3825 670 3879 ad
694 3825 867 3879 imitationem
889 3824 941 3878 tori
963 3824 1186 3893 consiliorumque
1208 3826 1335 3880 materias
1358 3898 1360 3902 ι

160 3913 232 3981 apud
251 3912 368 3968 Graecos
386 3913 475 3968 dicere
493 3912 564 3966 circa
581 3911 746 3965 Demetrium
763 3909 894 3964 Phalerea
911 3909 1062 3964 institutum
1078 3910 1134 3964 iere
1153 3918 1265 3965 constat.

227 4001 253 4069 2)
272 4000 432 4069 Comparare
448 3999 525 4067 juvat
541 3996 630 4052 locum
647 3996 733 4050 Ovidii
757 3995 874 4066 (Metam.
894 3993 967 4062 XIII,
987 3995 1109 4063 1-381),
1132 3995 1178 4049 ubi
1195 3996 1333 4050 rhetorum

159 4086 282 4140 alumnus
300 4086 369 4140 idem
386 4092 570 4154 argumentum
588 4083 697 4137 uberius
713 4082 844 4136 tractavit.

227 4174 253 4241 3)
271 4170 374 4226 Orator.
392 4172 448 4225 Att.
468 4170 518 4223 vol.
536 4169 570 4222 II.
589 4186 617 4237 p.
636 4172 694 4222 132.
715 4170 772 4222 156.
792 4169 849 4221 167.

225 4259 252 4327 4)
271 4257 388 4312 Socratis
406 4262 433 4309 et
451 4255 646 4308 Socraticorum
665 4253 769 4322 epistol.
788 4251 828 4305 ed.
847 4250 938 4303 Orelli.
956 4267 983 4318 p.
1004 4252 1044 4304 15.
1064 4253 1104 4304 lo.
