2866 4996
638 288 789 380 *18-

125 473 197 531 riam
231 474 367 547 praebuit
400 475 438 532 ad
473 474 609 547 epistolas
643 475 782 548 quasdam
817 473 1053 546 conscribendas,
1089 473 1196 546 quibus
1231 473 1304 532 alter

124 575 248 634 alterum
269 576 404 636 conviciis
426 582 536 635 onerat.
579 576 661 636 Inter
688 578 842 636 Isocratem
865 582 961 635 summ
983 581 1013 635 ct
1034 575 1238 634 Antisthenem
1260 575 1304 634 in·

126 679 291 738 tarcessisso
321 679 495 738 simultatem
523 696 587 738 cum
614 695 650 738 ex
679 679 916 752 inscriptionibus
943 676 1084 737 librorum
1111 677 1303 751 quorundam,

126 796 198 852 quos
220 781 342 853 Cynicus
371 787 472 840 contra
499 781 579 841 illum
606 780 751 858 emisit¹),
779 787 839 840 tum
867 797 902 839 ex
925 781 995 838 locis
1016 780 1164 839 nonnullis
1186 779 1303 839 Lauda·

126 883 213 941 tionis
235 884 364 942 Helenae
387 889 523 957 apparet,
546 885 596 943 uhi
618 885 761 943 Isocrates
782 882 934 942 manifesto
957 887 1033 945 hanc
1055 887 1178 958 castigat
1186 882 1212 959 ²)

210 986 373 1045 APlatone
389 1004 512 1060 quoqne,
533 989 613 1061 cujus
635 987 771 1046 nobilitas
786 991 873 1059 atque
895 987 1045 1046 urbanitas
1067 988 1152 1046 nimis
1174 986 1303 1048 distabat

126 1088 163 1147 ab
192 1089 355 1161 agrestibus
381 1089 510 1148 moribus
536 1089 635 1162 Cynici
663 1089 782 1147 sordido
811 1089 874 1148 loco
902 1091 963 1149 nati
992 1089 1087 1148 alieno
1115 1090 1212 1149 animo
1239 1098 1302 1150 erat

124 1191 282 1249 identidem
312 1193 339 1249 ei
365 1193 561 1265 arrogantiam
588 1192 767 1264 exprobrans
776 1189 802 1264 ⁸)
830 1198 860 1250 et
885 1193 1027 1250 rationem
1056 1192 1118 1264 ejus
1145 1192 1244 1251 multis
1272 1194 1302 1250 in

125 1294 212 1352 robus
234 1293 414 1365 impugnans.
450 1293 525 1365 Quid
542 1293 618 1365 qnod
641 1299 742 1352 contra
756 1311 820 1352 eam
843 1294 1017 1367 singularem
1033 1292 1178 1366 dialogum
1201 1293 1302 1366 edidit,

127 1411 211 1466 quem
234 1411 336 1467 param
365 1395 475 1454 urbano
505 1396 620 1453 nomine
649 1395 751 1454 ludens
783 1397 971 1469 inscripserat
996 1394 1154 1469 Σάθω7*)
1218 1397 1302 1456 Plato

126 1513 194 1555 vero
217 1513 251 1555 ea
273 1498 369 1556 omnia
389 1514 447 1556 non
470 1498 615 1569 patienter
638 1498 713 1568 tulit,
737 1498 788 1556 sed
810 1498 908 1556 multis
930 1499 1000 1557 locis
1021 1498 1162 1558 librorum
1184 1515 1302 1558 snorum

126 1616 189 1657 cum
211 1600 344 1657 irrisione
366 1599 490 1672 quadam
505 1600 708 1658 Antisthenem
731 1605 806 1658 tecte
829 1598 1045 1677 significavitll.
1063 1633 1101 1643 -
1125 1601 1205 1674 Quae
1226 1602 1302 1659 ratio
1365 1670 1368 1678 1

126 1702 152 1759 ei
180 1702 376 1760 intercesserit
396 1719 460 1760 cum
481 1701 601 1773 reliquis
629 1701 782 1759 Socraticis
808 1702 963 1772 nescimus3
986 1703 1209 1775 Xenophontem
1232 1719 1302 1761 vero

124 1805 279 1876 imaginem
293 1805 354 1878 ejus
369 1804 545 1876 expressisse
566 1802 644 1860 hand
666 1802 812 1876 indignam
835 1820 924 1877 supra
944 1805 1138 1878 exposuimus.
1154 1838 1196 1847 —
1211 1805 1302 1863 Deni-

125 1923 181 1979 que
196 1906 366 1980 Euripidem
381 1906 423 1964 ita
444 1905 648 1979 perstrinxisse
670 1911 816 1977 narratur,
840 1912 873 1964 ut
894 1907 1067 1965 versiculum
1089 1908 1152 1980 ejus
1174 1906 1301 1965 huncce:

378 2011 403 2063 τά
423 2007 447 2063 0’
468 2005 595 2085 αἰσχρόν,
620 2004 650 2076 ἢν
670 2001 707 2076 μη
728 2012 798 2064 τοῖσι
819 2012 963 2089 χριομένοις
984 2003 1064 2086 ὕοιιῇς

127 2144 329 2154 --—----...

198 2228 221 2293 l)
239 2225 315 2293 Diog.
335 2225 365 2278 1..
384 2224 435 2292 vl,
456 2225 495 2279 15.
522 2227 585 2296 περὶ
610 2229 665 2280 τοῖν
687 2221 870 2296 δικογράφων
893 2221 910 2292 ἢ
932 2229 1043 2282 Λυσίας
1066 2226 1111 2276 καὶ
1133 2221 1303 2297 Ἰσοκράτης·

128 2308 198 2383 πρὸς
215 2308 264 2365 τὸν
278 2308 449 2381 Ἰσοκράτους
464 2307 645 2383 Ἀμάρτυρον.
665 2344 695 2355 -
715 2311 749 2365 cf.
767 2326 825 2378 cap.
844 2310 878 2376 11,
896 2313 920 2364 5.
940 2313 964 2364 6.

193 2412 276 2480 2101.
300 2414 316 2482 ,8
336 2417 358 2467 1.
393 2417 460 2467 Εἰσί
482 2432 551 2472 τινες
569 2416 596 2466 οἳ
612 2416 686 2483 μέγα
704 2416 875 2485 φρονοῦσιν,
906 2408 942 2479 ἢν
964 2408 1103 2468 ὑπόθεσιν
1126 2406 1233 2467 άτοπον
1255 2414 1302 2464 καὶ

126 2496 287 2570 παράδοξον
311 2496 494 2571 ποιησάμενοι
517 2502 580 2571 περὶ
602 2495 699 2565 ταύτης
720 2497 838 2557 άνέκτως
861 2502 948 2554 εἰπεῖν
971 2498 1126 2565 δυνηθῶσι·
1154 2500 1211 2551 καὶ
1239 2515 1303 2551 κυ-

125 2582 404 2657 τιιγεγηράκιισιν
422 2585 533 2656 οἱμὲν
552 2581 589 2638 οὗ
608 2580 804 2655 φάσκοντες
823 2576 899 2640 οἶόν
917 2582 1036 2640 τέἶνυι
1055 2583 1165 2651 ψευδῆ
1183 2584 1303 2653 λέγειν

126 2670 197 2724 οὐδ’
221 2669 421 2742 ἀντιλέγειν
445 2669 523 2724 οὐδὲ
548 2667 611 2724 δύο
634 2667 725 2741 λόγω
753 2673 828 2742 περὶ
858 2673 924 2725 τῶν
950 2668 1062 2724 αὐτῶν
1084 2664 1304 2740 πραγμάτων

126 2754 307 2813 άντειπεῐν
326 2776 349 2809 κ.
368 2777 391 2809 τ.
410 2760 434 2808 l.

194 2841 243 2909 §h
258 2881 281 2892 ..
299 2837 352 2909 ἤδη
368 2844 437 2900 τινές
450 2842 615 2911 -τολμῶσι
632 2836 753 2910 γράφειν
771 2837 811 2899 oie
829 2840 923 2896 ἔστιν
941 2837 955 2892 ὁ
974 2843 1040 2894 τῶν
1057 2834 1304 2908 πτωχευόντων

127 2928 183 2978 καὶ
201 2922 403 2996 φευγόντων
419 2930 494 2993 βίος
512 2921 741 2997 ζηλωτότερος
758 2921 808 2991 ἢὸ
833 2928 897 2980 τῶν
915 2919 1026 2980 ἄλλων
1044 2918 1248 2993 ἀνθρώπων.
1266 2953 1302 2962 -

194 3011 209 3080 ξ
230 3015 268 3064 12Ι
287 3040 320 3048 -
338 3014 394 3067 τοῖν
410 3011 464 3082 μὲν
480 3008 534 3080 γὰρ
553 3008 631 3069 τοὺς
648 3006 860 3081 βομβυλιούς
882 3047 889 3061 .
908 3047 940 3064 ..
962 3011 1153 3077 βουληθέντων
1176 3007 1303 3064 ἐπαινεῖν

128 3094 218 3155 οὐδεὶς
236 3091 347 3149 πώποτε
365 3092 457 3165 λόγων
474 3092 604 3166 ἠπόρησε.
622 3095 696 3148 llaec
714 3093 881 3148 Antisthenis
894 3093 1089 3162 Protrepticum
1107 3092 1302 3162 perstringunt.

126 3181 159 3234 cl.
186 3180 253 3234 Poll.
288 3179 423 3234 onomast.
447 3181 498 3248 vl,
524 3184 569 3248 16,
594 3183 634 3234 98.
682 3176 830 3251 βομβυλιὸς
860 3178 892 3232 dt
920 3177 950 3233 τὸ
975 3175 1070 3233 στενὸν
1100 3178 1218 3249 ἔκπωμα
1253 3180 1301 3231 καὶ

124 3269 250 3338 βομβοῦν
268 3266 298 3321 ἰν
315 3270 346 3340 τη
364 3263 461 3332 πόσει,
480 3263 516 3325 ὡς
531 3265 706 3332 Ἀντισθένης
723 3266 754 3320 ἐν
771 3267 976 3337 Προτρεπτικῷ,
1000 3263 1063 3318 ibid.
1081 3263 1114 3334 X,
1135 3264 1174 3331 19,
1194 3262 1236 3316 68.

194 3373 219 3438 3)
237 3370 314 3437 Diog.
332 3369 362 3423 L.
373 3370 418 3438 VI,
437 3373 461 3424 7.
479 3370 600 3423 ἔσκωπτε
617 3363 753 3422 Πλάτωνα
772 3365 808 3427 ὡς
824 3370 1020 3440 τετυφωμένον
1037 3386 1060 3420 κ.
1080 3387 1102 3420 τ.
1119 3369 1143 3419 λ.

192 3470 219 3538 4)
236 3471 334 3527 Athen.
353 3471 385 3538 V,
404 3487 429 3538 p.
448 3474 500 3524 220
517 3470 562 3539 D.;
581 3470 627 3538 XI,
646 3487 672 3538 p.
691 3473 741 3524 507
760 3471 792 3525 A.
810 3501 845 3508 —
861 3470 938 3538 Diog.
958 3469 989 3522 L.
1006 3469 1054 3538 111,
1073 3471 1120 3538 353
1139 3468 1185 3538 Vl,
1205 3470 1245 3522 16.

193 3575 219 3643 5)
236 3574 298 3627 Jam
315 3573 416 3642 pridem
434 3572 512 3626 multi
528 3572 577 3627 viri
595 3573 666 3627 docti
682 3579 755 3627 recte
774 3573 904 3641 suspicati
922 3578 997 3641 sunt,
1020 3588 1073 3626 non
1091 3570 1178 3625 solnm
1195 3569 1302 3640 Euthy-

124 3658 230 3713 demum
248 3666 275 3714 et
293 3659 427 3727 Cratylum
443 3658 497 3712 illis
515 3658 639 3728 dialogis,
657 3659 704 3727 qui
722 3659 755 3713 ab
773 3659 806 3712 iis
824 3674 920 3712 nornen
937 3664 1078 3726 ceperunt,
1098 3657 1145 3711 sed
1162 3655 1254 3710 multis
1272 3657 1302 3710 ln

78 3815 81 3822 Ι
125 3745 205 3798 rebus
229 3745 309 3798 etiam
333 3744 520 3798 Antisthenem
547 3743 629 3812 carpi.
678 3744 721 3798 Ad
747 3744 859 3799 eundem
885 3745 1019 3812 pertinere
1046 3743 1161 3798 arbitror
1186 3741 1302 3798 Theaet.

127 3833 175 3883 156
192 3831 224 3899 A,
250 3832 299 3883 174
316 3830 348 3884 A.
368 3845 415 3898 sq.‚
434 3833 483 3883 201
502 3829 534 3884 D.
553 3845 638 3898 usque
657 3829 690 3883 ad
712 3832 764 3883 210
780 3829 811 3885 B.
836 3860 869 3870 -
897 3829 979 3898 Soph.
997 3831 1047 3883 251
1070 3828 1101 3883 Β.
1120 3844 1174 3897 sq.;
1196 3829 1248 3881 258
1265 3826 1300 3882 Ε.

125 3915 260 3983 usquead
278 3917 329 3968 259
346 3914 378 3969 E.
397 3947 431 3955 -
448 3915 525 3969 Polit.
544 3918 595 3970 286
613 3914 644 3968 Ε.
660 3931 699 3983 sq.
718 3947 751 3955 —
769 3915 890 3970 Parmen.
902 3917 951 3970 133
969 3914 1013 3984 B.;
1034 3916 1082 3968 135
1097 3915 1132 3967 A.
1146 3942 1180 3952 -
1197 3911 1299 3966 Phaed.

76 3994 79 4000 ’
126 4004 160 4054 90
179 4000 219 4069 0.;
239 4003 285 4054 101
298 4001 330 4055 E.
341 4031 370 4042 -
391 4001 494 4055 Phileb.
515 4004 547 4054 14
565 4001 591 4054 0.
612 4017 665 4070 sq.;
687 4005 716 4055 17
734 4002 766 4055 A.
786 4029 819 4040 -
838 3999 878 4053 Ile
896 4000 1011 4069 Repuhl.
1030 4002 1081 4053 505
1098 3999 1129 4053 Β.
1148 3997 1176 4053 C.
1193 4025 1227 4036 -
1245 3995 1302 4051 Sed

125 4086 164 4140 illi
187 4085 239 4139 duo
262 4085 326 4155 loci,
351 4089 397 4155 qui
420 4087 498 4154 vulgo
522 4087 555 4140 ad
578 4088 764 4141 Antisthenem
791 4086 956 4153 referuntur,
980 4085 1083 4139 Phileb.
1102 4083 1187 4139 431).
1208 4098 1246 4150 sq.
1272 4092 1302 4138 et

124 4171 164 4225 De
182 4170 297 4239 Republ.
320 4175 371 4226 583
389 4173 419 4226 Β,
438 4189 491 4240 sq.‚
518 4173 553 4227 ab
579 4189 611 4226 eo
633 4189 745 4241 prorsus
769 4172 912 4226 abhorrere
939 4180 966 4226 et
988 4171 1022 4226 ad
1044 4171 1184 4225 Encbdem
1207 4170 1300 4237 potius

125 4263 247 4324 spectare
265 4257 393 4311 videntur.
431 4259 463 4312 cs.
484 4259 628 4327 Chappuis.
647 4259 809 4313 Antisthene
827 4258 920 4325 (Paris.
941 4259 1017 4327 1854)
1036 4274 1062 4325 p.
1082 4257 1132 4311 178
1150 4270 1189 4323 sq.
