2866 4996
701 294 736 348 11

639 375 793 384 ——-—

124 476 284 551 explosisse
306 483 336 537 et
356 477 429 537 illud
450 494 554 536 nomen
576 477 614 536 ad
635 477 791 538 Cerberum
813 477 947 537 retulisse
968 474 1097 546 videtur,
1122 490 1206 547 quem
1228 473 1304 530 Hcr·

126 582 205 641 cules
232 580 263 638 in
292 581 455 640 Atticorum
485 581 599 652 quidem
626 579 733 640 fabulis
759 580 890 640 Athenas
918 594 1014 637 secum
1041 576 1175 635 eduxisse
1203 591 1303 633 nama-

125 684 222 743 batur.
286 682 334 741 Ad
363 682 483 741 alteram
517 682 649 742 vocabuli
681 687 793 756 partem
821 679 1020 755 explicandam
1046 680 1091 737 vir
1119 679 1302 738 doctissimus

127 786 313 844 Homericum
340 783 449 858 ἐναργής
475 784 573 857 affert,
608 786 650 844 ita
675 790 709 844 ιιι
736 780 902 858 Κυνόςαργις
936 780 1079 855 significet
1110 783 1218 853 locum,
1253 780 1303 840 ubi

125 889 207 947 canis
227 887 356 948 internus
377 888 408 946 in
429 887 524 947 lucem
545 887 688 960 prodierit
696 884 732 965 ²).
751 919 795 931 —-
815 887 937 947 Praeter
958 886 1097 959 templum
1114 884 1202 943 etlam
1224 900 1303 957 gym-

125 990 239 1049 nasium
266 989 345 1048 intra
373 989 553 1062 Cynosarges
587 995 652 1048 erat
687 994 717 1049 ct
748 991 842 1063 ipsum
868 989 987 1048 Herculi
1014 988 1187 1047 dedicatum.
1232 985 1303 1044 Cum

125 1107 199 1154 vero
220 1091 362 1151 Hercules
388 1091 450 1164 ipse
477 1092 508 1149 in
534 1107 654 1151 numero
682 1097 759 1151 esset
785 1092 953 1163 nothorum,
973 1095 1025 1149 et
1049 1088 1215 1148 sacerdotes
1242 1088 1305 1161 ejus

127 1193 319 1253 sumebantur
346 1210 382 1252 ex
404 1192 514 1264 nothis,
547 1199 577 1252 et
597 1194 777 1267 gymnasium
803 1193 876 1252 illud
903 1193 1021 1267 proprie
1043 1207 1143 1250 eorum
1164 1189 1304 1248 exercita·

125 1295 255 1354 tionibus
284 1294 458 1354 destinatum
487 1300 559 1354 erat.
607 1296 642 1353 Iu
669 1295 766 1354 nothis
792 1300 889 1355 autem
915 1296 1040 1369 primum
1059 1294 1096 1365 ii,
1126 1291 1175 1365 qui
1200 1291 1306 1364 impari

127 1397 262 1469 coujngio
285 1395 329 1472 (id
350 1403 395 1455 est
416 1401 501 1473 patre
522 1397 568 1455 vel
589 1401 682 1456 matre
702 1413 761 1456 non
775 1395 969 1473 Atheniensi),
992 1402 1054 1454 tum
1075 1395 1115 1466 ii,
1129 1394 1179 1466 qui
1200 1409 1304 1452 coucu-

130 1499 232 1558 binatu
253 1499 310 1556 orti
332 1504 430 1571 erant,
460 1499 585 1573 denique
606 1500 735 1558 libertini
757 1499 994 1558 numerabantur.
1037 1498 1075 1556 Ei
1096 1497 1186 1569 igitur
1206 1495 1306 1568 generi

126 1601 274 1659 homiuum
301 1601 480 1672 gymnasium
508 1600 682 1675 Cynosargis
707 1602 825 1675 proprie
862 1616 1029 1660 concessum
1057 1604 1121 1658 erat
1148 1613 1241 1670 eaque
1268 1597 1304 1656 de

127 1717 215 1760 causa
236 1717 349 1774 semper
370 1703 556 1775 ignominiam
579 1704 723 1777 quandam
745 1703 904 1775 retinebat,
933 1703 965 1761 id
986 1701 1065 1775 quod
1091 1698 1164 1758 illud
1185 1715 1304 1772 prover·

127 1804 206 1862 bium
234 1806 285 1876 „tr
311 1801 490 1880 Κυνόςαργες,
523 1805 571 1864 abi
605 1807 635 1864 in
669 1807 849 1879 Cynosarges
857 1804 909 1882 ²)“
949 1804 1138 1863 demonstrat
1201 1801 1304 1873 Neque

126 1911 225 1964 umen
253 1906 374 1978 legitimi
402 1908 480 1966 cives
501 1907 680 1983 Cynosarges
706 1924 826 1982 prorsus
852 1907 1038 1981 spernebant.
1081 1905 1157 1962 Nam
1178 1906 1208 1963 et
1228 1902 1304 1960 The·

128 2007 286 2080 mistocles,
311 2009 360 2080 qui
381 2009 493 2082 etipse
514 2009 620 2069 nothus
641 2008 712 2082 fuit,
741 2010 887 2069 nonnullis
908 2006 1139 2069 adolescentibus
1159 2004 1305 2064 nobilibus

126 2109 305 2182 persuasisse
327 2110 448 2183 dicitur,
478 2117 512 2170 ut
532 2129 635 2171 secum-
648 2112 680 2170 iu
700 2112 751 2170 illo
771 2112 919 2185 gymnasio
942 2125 1064 2184 corpora
1091 2105 1304 2181 exercerent⁸),

126 2226 221 2282 eoque
248 2211 334 2271 modo
356 2212 510 2272 discrimen
538 2216 616 2273 intcr
642 2214 747 2273 nothos
769 2219 799 2273 et
826 2214 970 2287 legitimos
991 2213 1067 2271 cives
1088 2210 1252 2280 sustulisse,
1275 2214 1305 2268 et

127 2313 261 2372 Socrates
283 2330 369 2386 saepe
390 2315 432 2374 ibi
453 2320 585 2374 versutus
607 2332 671 2375 esse
693 2313 830 2391 fertur⁴).

215 2417 249 2473 In
276 2415 440 2489 Cynosarge
467 2418 556 2490 igitur
585 2417 788 2488 AntistheneS,
826 2433 911 2489 quem
943 2416 1063 2475 nothum
1094 2413 1183 2473 luisse
1217 2431 1305 2486 supra

127 2519 425 2590 commemoravimus
459 2519 586 2577 scholam
616 2519 746 2578 condidit
773 2518 924 2591 Cynicam,
958 2534 1032 2590 quae
1062 2518 1123 2575 sine
1152 2516 1239 2575 dubio
1267 2517 1304 2574 ab

127 2634 163 2676 co
197 2617 261 2676 loco
304 2635 408 2678 nomen
450 2619 589 2697 traxit⁵),
627 2621 701 2680 sicut
743 2626 823 2679 secta
858 2619 1032 2679 Academica
1068 2619 1107 2678 ab
1137 2617 1304 2690 Academia,

197 2817 223 2886 1)
246 2816 371 2886 Speciose
398 2818 504 2887 quidem
531 2819 710 2888 Goettlingius
736 2819 816 2874 etiam
851 2817 1009 2874 vocabulum
1035 2814 1208 2882 Ἁπλοκύων,
1234 2817 1304 2885 quod

128 2917 274 2971 cognomen
290 2903 409 2959 additum
426 2911 484 2960 erat
500 2905 655 2960 Antistheni
672 2904 714 2973 (D.
732 2905 764 2959 L.
783 2905 829 2973 VI,
849 2905 904 2973 13),
922 2903 961 2957 ita
978 2898 1182 2971 interpretatur,
1200 2911 1231 2958 ut
1243 2903 1303 2956 Cer-

127 2987 192 3043 bero
218 2989 325 3056 tricipiti
347 2997 499 3058 opponatur
515 2991 689 3045 Antisthenes
707 2986 901 3055 ἁπιοκύων,
931 2994 961 3042 ιιι
978 2994 1070 3042 custos
1092 2992 1120 3041 et
1136 2988 1214 3056 qnasi
1231 2987 1305 3042 cunis

128 3072 289 3128 domesticus
307 3073 474 3145 Cynosurgis.
492 3105 526 3116 -
545 3075 698 3145 Stephanus
718 3072 827 3129 Ἀπλοκ.
849 3076 888 3129 ita
911 3073 1039 3142 explicat,
1062 3079 1093 3127 nt
1114 3072 1150 3128 sit
1172 3073 1304 3142 „Cynicus

128 3158 241 3227 simplici
263 3164 337 3213 veste
359 3160 468 3229 utens“,
495 3161 522 3215 id
539 3161 610 3230 quod
626 3159 713 3229 friget
750 3160 890 3228 Menagius
908 3167 935 3215 et
953 3159 1050 3213 Coraes
1079 3157 1122 3226 (ad
1139 3158 1210 3212 Plnt.
1228 3159 1303 3212 Brut.

127 3259 149 3298 c.
168 3243 212 3312 34)
234 3244 375 3314 legendum
398 3261 458 3300 esse
481 3247 611 3315 suspicati
628 3254 703 3300 sunt:
730 3242 824 3304 ἁπλῶς
840 3241 939 3313 Κύων,
966 3246 1004 3299 ita
1030 3251 1061 3299 ut
1083 3243 1206 3312 discipuli
1228 3244 1304 3299 Auti-

128 3329 229 3384 sthenis
246 3331 374 3385 nominati
392 3332 447 3386 siut
463 3336 590 3398 Κυνικοί,
607 3332 665 3399 ipse
684 3330 842 3398 simpliciter
857 3325 952 3386 Κύων.
981 3329 1034 3383 Sed
1051 3330 1115 3383 huic
1132 3330 1229 3383 rationi
1245 3330 1305 3398 ipse

127 3413 171 3468 illc
195 3413 270 3468 locus
296 3415 435 3470 Plutarchi
462 3421 607 3485 repugnat,
638 3416 685 3470 ubi
709 3415 809 3469 Brutus
832 3414 977 3469 Favonium
1004 3415 1136 3484 quendum
1162 3415 1305 3484 compellat

128 3495 273 3556 ἁπλόκυνα
291 3503 337 3553 καὶ
356 3497 524 3569 ψευδόκυνα.
552 3502 610 3568 Quo
628 3500 671 3569 fit,
689 3499 1003 3568 utGoettliugiiquoque
1020 3500 1205 3569 interpretatio
1216 3501 1304 3555 minus

127 3583 274 3650 probabilis
292 3592 319 3639 et
336 3601 427 3640 eorum
447 3587 579 3641 sententia
596 3586 772 3654 praeferenda
789 3601 848 3640 esse
865 3584 993 3654 videatur,
1012 3585 1058 3654 qui
1075 3585 1141 3639 illud
1159 3602 1304 3653 cognomen

127 3667 165 3721 ita
182 3670 330 3739 accipiunt,
348 3677 379 3724 ut
397 3672 432 3724 sit
449 3671 581 3739 „Cynicus
599 3671 712 3738 simplex
730 3677 756 3724 et
774 3670 947 3725 inurbanus.“

194 3756 221 3822 2)
239 3753 312 3810 sud
331 3770 352 3809 a.
370 3773 394 3810 r.
413 3787 448 3794 —
464 3756 598 3810 Endocia:
626 3760 663 3814 uic
680 3752 861 3827 Κυνόςαργες.
885 3785 920 3794 -
943 3755 1031 3809 Schol.
1050 3754 1084 3808 ad
1101 3754 1223 3810 Pseudo·
1233 3755 1301 3809 Plut.

126 3837 240 3892 Axiuch.
259 3842 310 3893 364
326 3841 359 3894 A.

196 3925 222 3994 3)
239 3925 310 3979 Plut
329 3925 422 3979 Them.
441 3941 464 3980 c.
484 3929 508 3980 1.

194 4010 221 4074 4)
238 4009 437 4066 Pseudo-Plat.
455 4010 568 4065 Axioch.
588 4002 642 4063 364Ι
656 4011 693 4078 Α;
712 4013 772 4064 372.

194 4096 221 4162 ὃ)
238 4095 315 4163 Diog.
339 4096 370 4150 b.
394 4095 445 4164 VI,
472 4099 503 4150 13
530 4098 675 4165 Διελέγετο
700 4094 759 4152 δ’ἰν
781 4099 816 4164 τῷ
835 4091 1004 4164 vaocu'pyrr
1029 4099 1174 4166 γυμνασίῳ
1199 4092 1304 4165 μικρὸν

125 4175 236 4236 ἄποθεν
253 4183 308 4236 τῶν
325 4183 434 4238 πυλῶν·
455 4178 524 4237 ὅθεν
541 4180 611 4239 τινὲς
636 4183 682 4232 καὶ
700 4178 749 4248 τὴν
766 4177 890 4248 Κυνικὴν
907 4179 1036 4234 emenso
1054 4177 1258 4250 ὀνομασθῆναι.
1270 4208 1302 4217 -

126 4264 198 4319 Suid.
217 4281 237 4320 s.
248 4283 271 4320 v.
288 4265 354 4322 'Aac
375 4268 440 4333 „1ch
457 4268 577 4332 Kouestris
595 4261 746 4336 κατήρξατο
763 4267 940 4338 φιλοσοφίας,
958 4261 1014 4331 ἥτις
1033 4263 1118 4326 οὕτως
1135 4260 1237 4330 daldun
1255 4262 1303 4321 διὰ
