2866 4996
691 374 730 427 58

123 555 310 624 Academico,
356 573 440 626 quom
476 558 624 615 lohannes
666 558 921 632 sarisberiensis)
954 559 1063 617 laudat.
1121 559 1308 621 Christianus

123 656 237 729 quidem
266 656 405 714 Peterson
416 656 442 731 ²)
477 675 541 715 eum
569 674 587 714 a
615 659 823 731 Peripatetico.
860 676 945 731 quem
981 676 1034 717 nos
1063 661 1186 718 eundem
1215 661 1307 723 luisse

123 760 288 831 collegimus
310 776 373 816 curn
397 760 534 816 historico
557 759 680 829 Rhodio,
704 778 761 817 non
778 761 923 818 diversum
945 767 1041 832 putat,
1065 762 1117 819 sed
1138 779 1203 820 oum
1225 764 1307 836 apud

122 868 233 919 veteres
256 861 411 932 scriptores
433 860 543 917 nullum
566 877 686 931 usquam
711 862 894 919 Antisthenis
913 862 1079 920 Academici
1100 869 1193 921 exstet
1214 865 1305 922 vesti·

123 963 216 1035 glum,
246 963 342 1019 nescio
371 979 407 1018 un
430 962 590 1019 Johannem
619 963 647 1019 in
677 963 801 1019 nominis
823 980 921 1021 errore
951 969 1095 1021 versatum
1118 981 1180 1022 esse
1203 966 1305 1024 existi·

122 1065 257 1122 mondum
280 1064 326 1121 sit.

206 1165 338 1236 Denique
362 1166 461 1237 paucis
489 1183 712 1224 commemorare
740 1166 840 1235 liccat,
866 1165 1080 1241 Brunclrium³)
1110 1183 1233 1239 eumque
1256 1186 1302 1227 se-

124 1274 220 1327 cutum
243 1264 425 1340 Osannum⁴)
449 1266 521 1324 salso
545 1267 580 1325 do
603 1270 710 1326 comico
734 1268 855 1339 quodam
880 1268 1052 1325 Antisthene
1080 1269 1159 1340 loqui
1181 1269 1303 1341 ejusque

122 1369 278 1427 versiculos
300 1368 453 1425 nonnullos
476 1385 511 1425 cx
533 1370 650 1426 Stohaei
673 1366 865 1443 Florilegio⁵)
888 1367 1003 1427 afferro.
1047 1370 1114 1426 Non
1136 1376 1203 1428 sunt
1225 1372 1302 1431 enim

123 1470 305 1529 Antisthenis
334 1471 448 1541 comici⁷
484 1487 568 1541 quern
596 1488 741 1542 nunquam
769 1469 856 1528 fuisse
884 1471 1001 1542 opinor,
1036 1470 1086 1528 scd
1116 1471 1302 1546 AntiphaniS‚

124 1573 208 1644 eique
230 1578 308 1629 recte
331 1571 401 1629 illud
423 1572 615 1642 fragmentum
637 1573 766 1630 restituit
786 1569 994 1647 Meinehius‘).
1017 1604 1060 1615 —

207 1674 287 1731 Haec
316 1673 404 1730 habui
435 1689 509 1744 quac
537 1674 573 1730 de
602 1675 661 1731 vita
693 1683 723 1730 et
755 1674 870 1745 scriptis
902 1674 1084 1732 Antisthenis
1115 1690 1301 1746 exponerem.

122 1778 156 1835 In
184 1777 279 1833 animo
308 1775 422 1847 quidem
451 1775 521 1831 mihi
555 1781 618 1832 erat
646 1776 733 1832 etiam
761 1775 972 1847 philosophiam
1000 1776 1136 1847 Cpnicam
1163 1776 1302 1835 continua

123 1878 317 1950 disputatione
339 1877 494 1948 explicare,
517 1876 569 1934 scd
591 1893 627 1933 ne
642 1877 779 1934 usitatum
801 1877 848 1933 hic
869 1877 983 1935 libellus
998 1877 1151 1935 excederet
1173 1878 1300 1951 modum,

123 1980 153 2038 id
174 1980 203 2036 in
226 1978 305 2036 aliud
327 1984 439 2050 tempus
462 1976 653 2035 differendum
676 1994 738 2034 esse
760 1977 924 2035 videbatur.

190 2217 213 2280 1)
232 2210 391 2263 lintheticus
411 2210 443 2262 dc
463 2209 585 2273 dogmate
603 2208 669 2275 phil.
688 2226 711 2261 v.
732 2210 908 2260 1139-1144.

325 2294 451 2361 „Doctior
468 2292 642 2345 Antisthenes
660 2292 835 2346 Academicus
854 2293 941 2345 omnia
959 2292 1046 2345 solum

360 2378 434 2432 Scire
452 2377 538 2430 Deum
555 2376 620 2430 dicit
638 2386 664 2430 et
681 2377 783 2429 ratione
801 2376 906 2443 prohat.

324 2464 429 2517 Asserit
447 2470 474 2515 ct
491 2478 603 2530 superos
622 2478 702 2530 quarn
720 2462 835 2529 plurima
853 2462 927 2529 scire,
947 2478 995 2515 nce
1014 2478 1104 2516 omnes

359 2548 466 2615 Omnia,
484 2548 610 2601 mortales
627 2547 744 2616 paucula
762 2548 829 2600 scire
847 2555 933 2614 putat.

324 2634 447 2687 Haesitat
465 2634 492 2686 in
510 2634 625 2700 cunctis,
644 2633 695 2686 nisi
713 2648 782 2700 quae
800 2633 902 2685 ratione
919 2633 1067 2700 probantur

358 2720 439 2786 Viva,
458 2719 501 2771 cui
520 2725 614 2785 stupor
631 2724 741 2770 estnon
758 2717 885 2787 habuisse
902 2716 1007 2770 fidem.“

188 2823 213 2890 2)
232 2822 271 2875 ef.
290 2830 351 2876 acta
367 2821 461 2889 philol.
480 2820 569 2873 Germ.
588 2818 633 2885 VI,
653 2821 710 2871 lor.
731 2822 787 2872 109.

189 2910 215 2975 3)
232 2907 275 2960 Ad
292 2907 431 2974 Aristoph.
449 2905 519 2959 Nuh.
538 2922 560 2957 v.
581 2906 638 2957 199.

188 2992 214 3059 4)
232 2992 328 3046 Annal.
347 2993 406 3046 orit.
424 2991 512 3044 Berol.
531 2990 548 3042 l.
567 2990 584 3042 l.

188 3079 214 3146 5)
233 3078 358 3145 Florileg.
377 3077 499 3145 LXXIV,
518 3079 543 3130 9.

186 3167 211 3231 6)
228 3163 335 3231 Fragm.
355 3163 451 3216 Gomio.
473 3162 565 3215 Graec.
585 3162 635 3215 rol.
653 3162 700 3214 111.
719 3178 745 3229 p.
766 3162 823 3246 151..

513 4364 583 4414 Typis
599 4363 746 4404 Bloehmannl
762 4362 903 4401 Drasdenulu.
940 4377 946 4384 ·
985 4378 988 4383 ·
1022 4377 1026 4385 ·
1050 4379 1053 4386 ·
