2866 4996
620 280 658 337 17

51 469 141 541 tione,
163 469 195 526 in
216 483 315 526 omnes
343 467 473 526 homines
502 469 656 542 populares
677 468 897 528 Atheniensium
923 468 1052 528 invectus
1073 464 1166 544 est¹);
1189 484 1225 526 ne

54 571 163 631 Pericli
190 569 305 644 quidem
331 570 476 643 pepercit,
512 570 655 643 siquidem
680 572 712 630 in
739 571 796 630 alio
822 569 912 642 libro,
943 571 993 643 qui
1013 569 1227 629 inscribebatur

51 673 192 746 Aspasia,
220 670 469 745 consuetudinem,
499 689 584 745 quam
617 673 667 732 ille
700 690 764 733 oum
798 671 922 746 Aspasia
948 671 1059 745 habuit,
1091 669 1228 748 derisit²)

52 776 178 848 filiisque
208 775 283 847 ejuS,
313 775 482 848 Xanthippo
511 781 542 833 et
567 775 687 848 Paralo,
715 775 889 835 obtrectavit
910 774 933 851 ).
982 774 1104 833 Praeter
1130 789 1228 833 omnes

52 883 150 939 autem
178 875 358 935 Alcibiadem
385 876 546 936 maledictis
573 884 741 950 persecutus
767 893 829 937 esse
856 877 979 936 videtur.
1037 877 1113 935 Nam
1140 881 1169 936 et
1197 877 1228 933 in

54 981 147 1040 altero
169 978 363 1052 dialogorum,
392 981 441 1052 qui
469 979 537 1052 Gyri
558 994 662 1038 nomen
688 979 836 1052 ferebant,
866 981 955 1039 vitam
977 980 1038 1052 ejus
1060 977 1228 1036 dissolutam

54 1081 167 1141 notavit
175 1077 202 1156 4)
224 1087 254 1139 et
268 1081 445 1154 singularem
462 1081 577 1154 librum,
600 1081 650 1154 qui
671 1081 884 1141 inscribebatur
898 1081 1074 1154 Alcibiades,
1090 1079 1186 1139 emisit
1192 1076 1229 1155 ⁶),

55 1200 112 1256 quo
135 1184 197 1241 sine
219 1182 307 1241 dubio
329 1183 512 1243 acerbissime
534 1201 600 1244 eum
621 1184 764 1244 vellicavit
773 1181 810 1261 ‘).

140 1287 243 1358 Neque
271 1286 363 1345 solum
396 1287 602 1360 rempublicam
637 1287 771 1360 virosque
803 1286 958 1360 populares
990 1284 1102 1344 infenso
1133 1284 1229 1342 animo

55 1392 224 1461 persecutus
250 1394 311 1460 est,
339 1388 390 1447 sed
417 1390 505 1448 etiam
532 1405 590 1448 non
618 1388 776 1449 deterritus
803 1387 1010 1462 Anaxagorae,
1041 1388 1229 1461 Protagorae,

55 1489 183 1548 Socratis
211 1490 443 1550 damnationibus
470 1507 649 1550 communem
682 1491 718 1550 de
746 1491 802 1549 diis
829 1491 993 1565 opinionem
1019 1490 1230 1563 religionesque

55 1592 203 1650 institutas
217 1594 356 1651 acerrime
377 1594 566 1667 impugnavit.
598 1595 701 1666 Itaque
722 1595 753 1653 in
767 1594 911 1667 mysteriis
927 1593 1059 1666 Orphicis
1080 1591 1231 1665 promissa,

56 1709 130 1766 qnae
153 1693 318 1754 sacerdotes
339 1695 374 1754 de
395 1693 493 1755 lutura
508 1696 585 1769 apud
606 1694 715 1755 inferos
729 1696 893 1756 conditione
914 1695 1068 1766 faciebant,
1090 1690 1231 1768 illusit¹);

56 1795 179 1870 Cybeles
208 1797 407 1857 sacerdotibus
425 1797 665 1857 'mendicantibus
693 1798 858 1872 respondit:
914 1799 1004 1870 „Non
1037 1797 1084 1855 alo
1113 1795 1232 1854 deorum

57 1903 193 1972 matrem,
228 1917 315 1974 quam
342 1900 382 1959 dii
413 1900 469 1973 ipsi
504 1898 661 1976 alunt“⁸);
698 1901 855 1972 Venerem,
888 1900 994 1974 quippe
1023 1915 1097 1971 quae
1128 1897 1233 1955 multas

57 2002 194 2062 honestas
214 2003 350 2062 mulieres
367 2003 551 2075 corrupisset,
575 2003 599 2060 si
614 2002 859 2075 deprehendisset,
882 1987 989 2074 sagitta
1010 2017 1040 2059 se
1055 1998 1234 2058 confixuram

58 2111 88 2164 et
110 2121 237 2163 amorem
262 2121 295 2162 re
322 2121 391 2163 vera
413 2104 484 2162 nibil
505 2105 585 2163 aliud
612 2121 674 2164 esse
697 2103 771 2162 dixit
793 2104 848 2162 nisi
876 2104 963 2162 animi
985 2102 1166 2176 pravitatem,
1189 2101 1235 2159 cui

59 2207 110 2279 qui
131 2205 351 2265 succumberent
372 2207 504 2265 morbum
524 2207 707 2280 appellarent
725 2206 810 2265 deum
819 2202 862 2282 ’);
892 2205 1016 2278 denique
1038 2205 1069 2262 in
1092 2219 1126 2262 eo
1148 2201 1234 2273 libro,

60 2309 111 2381 qui
131 2307 344 2366 inscribebatur
365 2308 519 2383 Physious,
555 2310 708 2382 populares
730 2308 800 2368 deos
826 2308 931 2367 multos
958 2307 1119 2366 naturalem
1146 2320 1235 2363 unum

60 2427 125 2470 esse
146 2408 346 2486 affirmans¹⁰)
369 2416 459 2469 totam
481 2412 580 2485 populi
599 2411 768 2484 religionem
789 2408 919 2470 funditus
941 2410 1055 2469 evertit.

147 2513 244 2572 Etiam
278 2529 341 2571 eum
377 2513 523 2571 nonnullis
556 2512 760 2586 eondiscipulis
795 2512 961 2571 inimicitias
997 2509 1134 2569 exercuit.
1191 2507 1236 2566 Ac

61 2617 187 2691 primum
208 2615 325 2687 quidem
351 2631 405 2687 per
433 2631 464 2673 se
491 2614 640 2687 probabile
663 2621 720 2688 est,
750 2615 921 2688 Cynicorum
949 2612 1108 2686 prinoipem
1129 2607 1235 2668 abhor-

60 2720 155 2778 ruisse
181 2717 218 2775 ab
241 2716 406 2790 Aristippo,
435 2717 615 2789 voluptariae
642 2717 841 2790 philosophiae
868 2721 991 2789 patrono
1018 2718 1048 2773 et
1074 2713 1236 2772 severitatis

61 2820 272 2880 Antistheueae
299 2816 479 2893 irrisori¹¹);
511 2818 599 2891 idque
627 2819 793 2878 rhetoribus
819 2818 989 2892 posterioris
1015 2817 1119 2876 aetatis
1147 2819 1237 2873 mate·

133 3052 158 3120 1)
174 3052 272 3105 Athen.
290 3051 322 3119 V,
340 3069 366 3120 p.
384 3051 486 3105 2201).

132 3137 158 3205 2)
175 3136 273 3190 Athen.
291 3136 364 3206 XIII,
383 3153 409 3206 p.
428 3139 479 3190 589
497 3135 529 3189 Ε.

133 3223 158 3291 3)
176 3223 274 3277 Athen.
292 3222 324 3291 V,
342 3240 370 3291 p.
388 3225 440 3276 220
457 3220 490 3274 D.

132 3309 159 3378 l)
176 3309 243 3362 Ibid.
260 3325 288 3377 p.
307 3308 404 3362 2200.

134 3395 160 3463 5)
178 3393 256 3463 Diog.
275 3394 307 3447 h.
325 3393 370 3462 VI,
390 3396 432 3446 17.

135 3483 160 3549 6)
178 3479 245 3533 Vide
263 3495 308 3548 ea,
327 3493 395 3547 quae
413 3477 482 3531 infra
499 3477 532 3530 de
549 3475 591 3529 bis
608 3473 683 3527 libris
701 3473 882 3540 exposuimus.

135 3582 162 3650 7)
179 3580 256 3650 Diog.
275 3582 306 3636 L.
325 3580 376 3647 VI,
394 3582 419 3634 4.
442 3573 602 3651 μυούμευός
623 3594 691 3629 ποτε
713 3571 745 3627 τὰ
765 3569 900 3643 Ὀρφικά,
922 3575 970 3626 τοῦ
993 3574 1086 3645 ἱερέως
1103 3568 1238 3635 εἰπόντος,

67 3663 110 3720 ὅτι
133 3669 160 3719 οἱ
183 3669 268 3719 ταῦτα
284 3661 439 3737 μυούμενοι
461 3664 574 3718 πολλῶν
595 3658 713 3731 ἀγαθῶν
735 3659 766 3715 ἐν
788 3656 859 3727 ᾅδου
884 3663 1057 3730 μετίσχουσι,
1085 3661 1137 3723 „rt
1153 3649 1239 3720 οὖν“,

66 3751 139 3822 ἔφη,
158 3750 236 3818 „otiu
253 3746 478 3818 duodevi02m;“
498 3778 530 3787 -

136 3837 162 3905 8)
180 3835 261 3890 Clem.
281 3835 356 3889 Alex.
374 3835 507 3902 Protrept.
526 3848 549 3886 e.
567 3831 618 3885 VII
635 3848 662 3900 p.
680 3833 714 3885 64
731 3830 832 3885 Potter.

136 3923 162 3991 9)
181 3921 261 3977 Clem.
278 3921 356 3975 Alex.
374 3920 470 3975 Strom.
488 3919 523 3987 ss,
545 3933 568 3971 c.
587 3919 622 3970 20
638 3934 664 3985 p.
683 3919 734 3970 Aac
752 3916 852 3972 Potter.
879 3944 913 3952 —
938 3911 1097 3966 Theodoret.
1122 3910 1168 3963 Gr.
1187 3909 1240 3964 Ali.

68 4007 129 4062 Cur.
146 4007 194 4076 ΙΙΙ,
213 4023 238 4076 p.
257 4009 316 4061 774.

123 4095 165 4161 10)
183 4093 237 4146 Cic.
254 4093 295 4145 De
313 4092 373 4145 Nat.
391 4091 470 4144 Deor.
489 4090 509 4157 I,
530 4091 571 4142 13.
588 4118 620 4126 -·
639 4087 673 4141 el.
692 4101 751 4154 cap.
769 4086 804 4153 ΙΙ,
822 4089 865 4138 21.

123 4179 165 4245 ll)
182 4176 322 4231 Westerm.
341 4171 481 4246 Βιογράφ.
504 4173 568 4241 VII,
589 4176 629 4226 16.
648 4174 706 4224 410.
731 4172 890 4224 ἐπέσκωπτε
908 4167 1117 4232 δ”Λυτισθέυηυ
1134 4164 1177 4219 ἀεὶ
1195 4163 1242 4216 διὰ

69 4261 117 4330 τὴν
135 4258 331 4333 στρυφνότητα.

1021 4338 1038 4390 2
