2866 4996
696 318 733 376 13

637 401 790 412 unu——

126 507 158 566 in
180 505 344 579 Oynosarge
366 504 442 564 inter
463 503 581 577 nothoS,
604 502 734 563 homines
755 502 880 562 fortunis
901 501 1089 576 plurimisque
1105 503 1210 564 civium
1228 503 1301 577 juri·

126 608 182 669 bns
209 605 378 680 destitutos,
406 607 548 680 aperiret,
577 623 663 680 quern
690 605 776 666 finem
803 604 1003 680 philosophiae
1030 607 1211 679 propositum
1238 621 1301 664 esse

126 709 216 769 vellet
237 708 418 782 significavit.
461 710 536 768 Nam
560 708 707 781 cumipse
729 708 931 782 pauperrimus
957 706 1067 785 esset¹)
1095 713 1125 766 et
1146 708 1302 782 discipulos

129 817 257 870 sumeret
284 827 320 870 ex
346 811 541 885 pauperibus,
576 826 671 869 nonne
697 809 729 868 id
749 815 867 884 praeter
888 809 984 868 omnia
1006 811 1033 868 ei
1061 810 1204 883 agendum
1230 815 1302 882 erat,

126 920 160 974 nt
181 918 381 987 paupertatem
404 929 497 986 aequo
518 913 614 973 animo
635 912 831 985 tolerandam,
855 917 989 971 externas
1011 927 1058 970 res
1079 910 1303 972 contemnendas

126 1032 268 1089 verasque
291 1016 406 1075 divitias
426 1016 455 1074 in
479 1015 575 1075 animo
597 1013 777 1088 quaerendas
793 1031 855 1074 esse
877 1012 1097 1088 comprobaret?
1140 1015 1203 1087 Qua
1217 1014 1248 1072 in
1269 1031 1302 1074 re

126 1119 251 1177 multum
272 1134 339 1177 eum
359 1117 471 1191 adjnvit
492 1134 566 1191 quae
588 1123 650 1176 turn
671 1121 735 1175 orat
758 1117 860 1191 populi
878 1115 1064 1176 Atheniensis
1085 1116 1224 1176 conditio.
1262 1116 1304 1176 Ut

127 1221 204 1280 enim
226 1219 276 1278 illo
303 1225 433 1293 tempore
461 1219 545 1279 multi
572 1218 680 1279 divitiis
708 1217 897 1278 abundabant
922 1218 1093 1291 luxuriaque
1121 1217 1302 1291 diffluebant,

124 1322 167 1388 ita
187 1323 274 1396 longe
295 1323 419 1380 maxima
440 1339 508 1395 pars
530 1321 634 1382 civium
654 1322 685 1380 in
707 1325 878 1394 paupertate
900 1321 989 1380 vitam
1003 1320 1128 1394 degebat
1148 1338 1304 1395 eorumque

82 1433 85 1438 '
126 1430 240 1499 egestas
262 1430 292 1484 et
312 1424 382 1483 belli
399 1423 636 1497 Peloponnesiaci
656 1422 868 1483 calamitatibus
889 1428 920 1481 et
938 1423 1053 1496 imperii
1074 1425 1223 1498 popularis
1240 1441 1304 1484 cor·

126 1527 248 1601 ruptelis
269 1525 469 1586 incredibilem
483 1526 513 1584 in
529 1525 645 1585 modum
659 1531 745 1585 aucta
759 1530 822 1584 erat
830 1523 866 1602 ²).
902 1525 1005 1598 Itaque
1022 1525 1083 1598 iam
1098 1527 1231 1586 Socrates
1245 1542 1304 1585 non

126 1630 211 1689 modo
229 1629 396 1688 tenuissimo
415 1629 492 1688 rictu
512 1629 688 1688 luculentum
708 1627 840 1687 ediderat
861 1627 1022 1700 exemplum
1044 1625 1228 1709 frugalitatis²
1251 1630 1303 1689 sed

127 1733 214 1792 etiarn
234 1732 342 1790 vestitu
362 1745 482 1804 prorsus
503 1730 653 1804 proletarii
675 1730 799 1804 speciem
820 1729 1004 1803 praebuerat.
1043 1731 1072 1789 Is
1093 1733 1169 1790 enim
1190 1737 1221 1791 et
1240 1734 1301 1792 sine

127 1834 226 1893 tunica
247 1829 370 1911 (ἀχίιων)
398 1850 432 1894 ac
451 1834 620 1907 plerumque
642 1833 727 1893 nudis
754 1832 876 1907 pedibus
903 1833 1057 1895 incedebat
1079 1839 1109 1893 et
1130 1850 1183 1909 pro
1213 1835 1302 1909 pallio

128 1936 264 1996 utebatur
286 1937 423 2010 trihorio,
446 1943 526 1996 veste
548 1936 608 2009 vili,
631 1935 745 2008 qualem
767 1935 903 2008 Spartani
911 1934 937 2013 ⁸)
960 1943 990 1996 et
1010 1937 1092 2012 plebs
1114 1935 1302 1995 Atheniensis

127 2055 229 2112 gerere
251 2039 372 2099 solebat.
416 2039 450 2096 In
471 2039 516 2096 his
538 2038 670 2097 omnibns
691 2037 779 2097 rebus
799 2037 929 2097 imitatus
955 2044 1000 2097 cst
1021 2055 1087 2098 eum
1102 2036 1302 2111 Antisthenes,

127 2140 157 2199 id
179 2146 276 2200 tamen
297 2157 422 2213 novara,
452 2139 529 2212 qnod
555 2140 682 2199 tribonio
704 2139 841 2199 utebatur
862 2139 1009 2213 duplicato
1017 2138 1053 2218 ⁴).
1103 2141 1150 2199 Ea
1179 2146 1224 2199 est
1251 2141 1304 2199 illa

127 2243 230 2308 tontole
253 2240 374 2318 (διπλοῦν
394 2237 468 2317 εἷμα,
495 2242 602 2316 duplex
628 2258 741 2316 pannus
762 2239 929 2320 Horatii⁵)‚
958 2259 1032 2316 quae
1059 2248 1162 2317 postea
1182 2242 1303 2316 cynico-

127 2361 192 2404 rum
219 2361 333 2419 semper
359 2344 479 2419 propria
507 2350 580 2403 crat.
644 2345 831 2418 Duplicatum
859 2349 955 2403 autem
987 2345 1145 2404 tribonium
1172 2345 1303 2405 homines

128 2446 205 2506 docti
213 2443 239 2521 ⁸)
264 2448 307 2506 ita
336 2446 471 2505 arbitrati
503 2452 583 2520 snnt,
616 2452 649 2505 ut
680 2447 783 2506 dextra
809 2462 877 2519 pars
907 2447 989 2519 pallii
1014 2453 1077 2507 tota
1103 2448 1134 2507 in
1155 2447 1301 2506 sinistrum

128 2548 279 2608 humerum
304 2549 413 2623 injecta
438 2553 518 2607 retro
545 2547 584 2606 ad
609 2548 698 2622 pedes
726 2547 845 2607 aderet
865 2564 958 2622 eoquo
978 2549 1064 2609 modo
1085 2555 1177 2609 totum
1198 2565 1304 2622 corpus

128 2652 297 2713 involveret
340 2650 398 2711 sed
425 2666 461 2710 ox
482 2649 568 2725 Diog.
595 2651 630 2710 L.
653 2651 708 2725 VI,
737 2652 771 2723 6,
799 2649 849 2709 ubi
876 2649 1021 2725 Diogenes
1048 2652 1175 2711 tunicam
1201 2657 1303 2727 petens

130 2755 165 2815 ab
187 2754 362 2814 Antisthene
380 2753 477 2827 jussus
499 2760 563 2812 es'se
584 2760 721 2813 narratur
742 2751 863 2818 νηύεαι
880 2751 1035 2829 θοιμάτιον,
1056 2760 1180 2829 apparot
1207 2753 1302 2827 dupli·

198 2936 223 3006 1)
240 2935 363 3004 Xenoph.
381 2934 472 3004 Symp.
488 2935 536 3004 111,
554 2937 578 2989 8.
603 2940 641 2989 vt
655 2933 709 3010 γὰρ
727 2931 776 2999 oc',·
795 2936 886 3004 eluar,
910 2935 956 2991 iul
973 2941 1027 2993 τίνι
1043 2940 1117 3009 μέγα
1135 2941 1262 3008 φρονεῖς,
1281 2955 1302 2988 ω

128 3020 312 3084 linteorum
328 3020 391 3073 Ἐπὶ
408 3016 534 3088 πλούτῳ,
552 3020 616 3091 ἔφη.
636 3017 667 3076 ‘O
682 3021 738 3092 pto
754 3018 788 3089 dir
804 3018 971 3094 Ἑρμογένης
989 3017 1113 3091 ἀνήρετο,
1131 3025 1156 3076 εἰ
1172 3019 1244 3074 πολὺ
1263 3024 1303 3088 εἴη

133 3106 204 3176 αὐτῷ
223 3103 369 3180 ἀργύριον·
389 3101 403 3157 ὁ
423 3103 454 3158 δὲ
473 3100 616 3177 ἀπώμοσε,
632 3106 705 3176 μηδὲ
723 3102 832 3174 ὀβολόν.
866 3106 948 3160 Ἀλλὰ
965 3111 1019 3179 γῆν
1036 3103 1151 3175 πολλήν,
1168 3106 1238 3176 ἔφη,
1257 3108 1303 3158 κε’-

132 3206 240 3261 ντησαις
260 3185 338 3250 Ἴσως
361 3184 412 3256 ἄν,
434 3189 505 3261 ἔφη,
529 3187 681 3260 Αὐτολύκῳ
703 3187 789 3260 τούτῳ
812 3189 894 3260 ἱκανὴ
911 3196 1017 3258 γένοιτο
1035 3193 1244 3264 ἔγκονίσασθαι.
1269 3189 1303 3245 cf.

131 3277 175 3348 IV,
192 3278 227 3332 34
244 3292 285 3345 sq.

196 3361 223 3431 2)
242 3359 281 3416 cf.
298 3358 427 3414 Boeokhii
443 3374 535 3416 oecon.
552 3358 628 3429 polit
645 3359 709 3415 Atia
726 3360 748 3430 l,
765 3376 792 3430 p.
813 3364 862 3417 163
880 3378 920 3432 sq.

199 3448 225 3519 8)
244 3445 283 3502 cf.
306 3445 450 3501 Hermann.
471 3445 563 3515 Antiq.
585 3444 631 3500 Gr.
649 3445 689 3500 III
715 3444 732 3516 ξ
749 3448 796 3516 21,
816 3448 856 3502 lt
891 3448 975 3504 Recta
996 3462 1058 3504 vero
1074 3445 1196 3504 Zellerus
1214 3447 1257 3519 (11,
1275 3465 1303 3519 p.

131 3533 193 3605 226,
215 3533 243 3604 2)
268 3531 329 3588 inde
355 3532 469 3603 colligit,
495 3532 640 3588 tribonium
669 3533 778 3603 propria
802 3549 857 3590 non
883 3533 1033 3604 significare
1064 3534 1154 3589 tritam
1183 3529 1304 3606 (ἱμάτιον

132 3620 333 3693 τετριμμένον),
351 3617 398 3675 sed
415 3634 532 3675 crassam
549 3623 578 3676 et
594 3633 716 3688 asperam
734 3624 835 3676 restem
852 3616 973 3694 (ἱμάτιον
989 3620 1106 3694 opifico),
1129 3634 1198 3690 quae
1215 3625 1304 3675 cutem

131 3704 265 3776 perir-loct

196 3791 224 3862 4)
241 3790 318 3862 Diog.
335 3789 367 3846 1..
385 3790 438 3862 VI,
462 3793 494 3846 13
511 3792 559 3846 καὶ
581 3792 690 3868 πρῶτος
715 3791 852 3849 ἐδίπλωσε
868 3789 917 3850 τὸν
933 3796 1051 3867 τρίβωνα
1069 3795 1116 3847 καὶ
1132 3786 1211 3866 μόνῳ
1231 3789 1303 3863 αὐτῷ

131 3875 235 3953 ἐχρῆτο.
262 3875 339 3945 Quod
365 3876 464 3934 ibidem
488 3876 587 3947 legitur
611 3881 723 3953 πρῶτον
748 3876 781 3933 δὲ
807 3883 855 3933 καὶ
881 3876 1010 3947 Νεάνθην
1035 3882 1123 3950 φησὶν
1145 3875 1303 3933 dulciaco

130 3957 294 4035 θοιμάτιον,
312 3963 369 4019 sinc
386 3962 466 4021 dubio
483 3963 638 4021 mutandum
655 3973 697 4020 ast
713 3967 741 4020 in
760 3965 899 4018 διπλῶσαι
916 3962 1074 4038 θοιμάτιον.

198 4052 225 4119 s)
242 4048 330 4119 Epist
348 4050 369 4119 1,
389 4053 429 4119 17,
447 4051 490 4105 as.

198 4135 356 4208 aldelmus.
384 4136 419 4191 ad
444 4135 556 4192 Tertull.
584 4135 626 4192 De
651 4137 716 4207 pall.
742 4153 769 4207 p.
796 4140 861 4207 3963
888 4137 992 4192 Ferrar.
1019 4136 1052 4192 de
1077 4151 1108 4192 rc
1129 4137 1254 4193 vestiaria
1275 4137 1303 4191 in

131 4223 238 4278 Graevii
254 4223 323 4277 thes.
341 4223 424 4292 antiq.
442 4222 517 4278 Rom
534 4224 581 4295 VI,
598 4241 625 4295 p.
643 4228 708 4296 9⁰13
726 4225 831 4282 Walch.
848 4226 931 4294 antiq.
950 4224 1026 4294 pallii
1048 4223 1114 4294 phil.
1139 4223 1200 4281 Jen.
1220 4224 1303 4294 17463

130 4309 292 4378 interpretes
309 4308 344 4364 ad
360 4309 427 4365 Hor.
445 4310 498 4378 Ep.
514 4309 536 4380 1,
556 4315 597 4382 17,
614 4313 655 4367 25.
