<?xml version="1.0" encoding="UTF-8"?>
<!DOCTYPE html PUBLIC "-//W3C//DTD XHTML 1.0 Transitional//EN"
    "http://www.w3.org/TR/xhtml1/DTD/xhtml1-transitional.dtd">
<html xmlns="http://www.w3.org/1999/xhtml" xml:lang="en" lang="en">
 <head>
  <title>
</title>
<meta http-equiv="Content-Type" content="text/html;charset=utf-8" />
  <meta name='ocr-system' content='tesseract 3.04.00' />
  <meta name='ocr-capabilities' content='ocr_page ocr_carea ocr_par ocr_line ocrx_word'/>
</head>
<body>
  <div class='ocr_page' id='page_1' title='image "./deantistheniscy00mlgoog_0017.png"; bbox 0 0 2866 4996; ppageno 0'>
   <div class='ocr_carea' id='block_1_1' title="bbox 702 292 739 347">
    <p class='ocr_par' dir='ltr' id='par_1_1' title="bbox 702 292 739 347">
     <span class='ocr_line' id='line_1_1' title="bbox 702 292 739 347; baseline 0.027 -1"><span class='ocrx_word' id='word_1_1' title='bbox 702 292 739 347; x_wconf 80' lang='lat'>12</span> 
     </span>
    </p>
   </div>
   <div class='ocr_carea' id='block_1_2' title="bbox 127 473 1309 2396">
    <p class='ocr_par' dir='ltr' id='par_1_2' title="bbox 127 473 1309 2177">
     <span class='ocr_line' id='line_1_2' title="bbox 132 473 1309 554; baseline 0.001 -17"><span class='ocrx_word' id='word_1_2' title='bbox 132 475 328 551; x_wconf 87' lang='lat' dir='ltr'>Peripatetica</span> <span class='ocrx_word' id='word_1_3' title='bbox 354 475 391 534; x_wconf 88' lang='lat' dir='ltr'>ab</span> <span class='ocrx_word' id='word_1_4' title='bbox 424 475 668 536; x_wconf 79' lang='lat' dir='ltr'><strong>ambulationibus</strong></span> <span class='ocrx_word' id='word_1_5' title='bbox 695 473 871 554; x_wconf 73' lang='grc' dir='ltr'>(περιπάτοις)</span> <span class='ocrx_word' id='word_1_6' title='bbox 907 477 1010 550; x_wconf 81' lang='lat' dir='ltr'>Lycei,</span> <span class='ocrx_word' id='word_1_7' title='bbox 1049 477 1146 538; x_wconf 83' lang='lat' dir='ltr'>Stoica</span> <span class='ocrx_word' id='word_1_8' title='bbox 1182 494 1201 537; x_wconf 87' lang='lat' dir='ltr'>a</span> <span class='ocrx_word' id='word_1_9' title='bbox 1237 479 1309 554; x_wconf 83' lang='lat' dir='ltr'>Stoa</span> 
     </span>
     <span class='ocr_line' id='line_1_3' title="bbox 131 577 1308 654; baseline 0.002 -14"><span class='ocrx_word' id='word_1_10' title='bbox 131 579 255 640; x_wconf 81' lang='lat' dir='ltr'>Poecile.</span> <span class='ocrx_word' id='word_1_11' title='bbox 299 578 403 637; x_wconf 82' lang='lat' dir='ltr'>Postea</span> <span class='ocrx_word' id='word_1_12' title='bbox 420 577 542 650; x_wconf 91' lang='lat' dir='ltr'>demum,</span> <span class='ocrx_word' id='word_1_13' title='bbox 566 596 629 638; x_wconf 90' lang='lat' dir='ltr'>cum</span> <span class='ocrx_word' id='word_1_14' title='bbox 645 580 789 654; x_wconf 76' lang='lat' dir='ltr'>Diogenes</span> <span class='ocrx_word' id='word_1_15' title='bbox 804 580 971 654; x_wconf 86' lang='lat' dir='ltr'>Sinopensis</span> <span class='ocrx_word' id='word_1_16' title='bbox 983 580 1102 654; x_wconf 86' lang='lat' dir='ltr'>ejusque</span> <span class='ocrx_word' id='word_1_17' title='bbox 1124 597 1308 642; x_wconf 90' lang='lat' dir='ltr'>successores</span> 
     </span>
     <span class='ocr_line' id='line_1_4' title="bbox 130 681 1306 755; baseline 0.001 -13"><span class='ocrx_word' id='word_1_18' title='bbox 130 685 191 742; x_wconf 83' lang='lat' dir='ltr'>vita</span> <span class='ocrx_word' id='word_1_19' title='bbox 211 681 397 755; x_wconf 88' lang='lat' dir='ltr'>moribusque</span> <span class='ocrx_word' id='word_1_20' title='bbox 424 697 456 739; x_wconf 91' lang='lat' dir='ltr'>re</span> <span class='ocrx_word' id='word_1_21' title='bbox 479 697 548 740; x_wconf 87' lang='lat' dir='ltr'>vera</span> <span class='ocrx_word' id='word_1_22' title='bbox 574 698 660 740; x_wconf 89' lang='lat' dir='ltr'>canes</span> <span class='ocrx_word' id='word_1_23' title='bbox 686 683 883 754; x_wconf 78' lang='lat' dir='ltr'><strong>imitarentur,</strong></span> <span class='ocrx_word' id='word_1_24' title='bbox 907 682 1078 755; x_wconf 79' lang='lat' dir='ltr'>Cynicorum</span> <span class='ocrx_word' id='word_1_25' title='bbox 1100 699 1204 742; x_wconf 90' lang='lat' dir='ltr'>nomen</span> <span class='ocrx_word' id='word_1_26' title='bbox 1226 683 1306 743; x_wconf 91' lang='lat' dir='ltr'>illam</span> 
     </span>
     <span class='ocr_line' id='line_1_5' title="bbox 130 784 1306 860; baseline -0.002 -12"><span class='ocrx_word' id='word_1_27' title='bbox 130 788 270 849; x_wconf 80' lang='lat' dir='ltr'><strong>maculam</strong></span> <span class='ocrx_word' id='word_1_28' title='bbox 292 786 426 858; x_wconf 80' lang='lat' dir='ltr'>suscepit,</span> <span class='ocrx_word' id='word_1_29' title='bbox 450 799 524 857; x_wconf 88' lang='lat' dir='ltr'>quae</span> <span class='ocrx_word' id='word_1_30' title='bbox 540 784 644 844; x_wconf 89' lang='lat' dir='ltr'>deinde</span> <span class='ocrx_word' id='word_1_31' title='bbox 660 785 767 844; x_wconf 84' lang='lat' dir='ltr'>insedit</span> <span class='ocrx_word' id='word_1_32' title='bbox 787 785 948 860; x_wconf 88' lang='lat' dir='ltr'>penitusin</span> <span class='ocrx_word' id='word_1_33' title='bbox 963 790 1100 858; x_wconf 84' lang='lat' dir='ltr'>edatque</span> <span class='ocrx_word' id='word_1_34' title='bbox 1122 785 1306 846; x_wconf 86' lang='lat' dir='ltr'>inveteravit.</span> 
     </span>
     <span class='ocr_line' id='line_1_6' title="bbox 130 887 1308 964; baseline 0 -15"><span class='ocrx_word' id='word_1_35' title='bbox 130 892 192 964; x_wconf 80' lang='lat' dir='ltr'>Quo</span> <span class='ocrx_word' id='word_1_36' title='bbox 214 889 361 964; x_wconf 81' lang='lat' dir='ltr'>pertinent</span> <span class='ocrx_word' id='word_1_37' title='bbox 382 887 636 960; x_wconf 84' lang='lat' dir='ltr'>interpretationes</span> <span class='ocrx_word' id='word_1_38' title='bbox 658 893 787 947; x_wconf 88' lang='lat' dir='ltr'>veterum</span> <span class='ocrx_word' id='word_1_39' title='bbox 809 888 1026 948; x_wconf 91' lang='lat' dir='ltr'>similitudinem</span> <span class='ocrx_word' id='word_1_40' title='bbox 1052 888 1130 948; x_wconf 87' lang='lat' dir='ltr'>inter</span> <span class='ocrx_word' id='word_1_41' title='bbox 1152 905 1256 948; x_wconf 89' lang='lat' dir='ltr'>canum</span> <span class='ocrx_word' id='word_1_42' title='bbox 1278 894 1308 949; x_wconf 87' lang='lat' dir='ltr'>et</span> 
     </span>
     <span class='ocr_line' id='line_1_7' title="bbox 130 989 1306 1068; baseline -0.002 -14"><span class='ocrx_word' id='word_1_43' title='bbox 130 994 302 1066; x_wconf 83' lang='lat' dir='ltr'>Cynicorum</span> <span class='ocrx_word' id='word_1_44' title='bbox 334 991 423 1049; x_wconf 85' lang='lat' dir='ltr'>vitam</span> <span class='ocrx_word' id='word_1_45' title='bbox 454 996 645 1063; x_wconf 84' lang='lat' dir='ltr'>exponentes,</span> <span class='ocrx_word' id='word_1_46' title='bbox 682 1006 754 1064; x_wconf 88' lang='lat' dir='ltr'>quas</span> <span class='ocrx_word' id='word_1_47' title='bbox 781 989 892 1051; x_wconf 84' lang='lat' dir='ltr'>referre</span> <span class='ocrx_word' id='word_1_48' title='bbox 919 991 1037 1066; x_wconf 92' lang='lat' dir='ltr'>longum</span> <span class='ocrx_word' id='word_1_49' title='bbox 1066 989 1155 1068; x_wconf 88' lang='lat' dir='ltr'>est&#39;).</span> <span class='ocrx_word' id='word_1_50' title='bbox 1214 993 1306 1052; x_wconf 90' lang='lat' dir='ltr'>Immo</span> 
     </span>
     <span class='ocr_line' id='line_1_8' title="bbox 129 1092 1305 1166; baseline -0.002 -10"><span class='ocrx_word' id='word_1_51' title='bbox 129 1096 212 1156; x_wconf 90' lang='lat' dir='ltr'>initio</span> <span class='ocrx_word' id='word_1_52' title='bbox 239 1093 312 1153; x_wconf 92' lang='lat' dir='ltr'>illud</span> <span class='ocrx_word' id='word_1_53' title='bbox 339 1109 443 1152; x_wconf 93' lang='lat' dir='ltr'>nomen</span> <span class='ocrx_word' id='word_1_54' title='bbox 471 1108 529 1151; x_wconf 92' lang='lat' dir='ltr'>non</span> <span class='ocrx_word' id='word_1_55' title='bbox 556 1093 597 1151; x_wconf 91' lang='lat' dir='ltr'>ita</span> <span class='ocrx_word' id='word_1_56' title='bbox 624 1092 824 1166; x_wconf 81' lang='lat' dir='ltr'>pervulgatum</span> <span class='ocrx_word' id='word_1_57' title='bbox 852 1092 940 1154; x_wconf 85' lang='lat' dir='ltr'>fuisse</span> <span class='ocrx_word' id='word_1_58' title='bbox 967 1093 1096 1166; x_wconf 83' lang='lat' dir='ltr'>videtur3</span> <span class='ocrx_word' id='word_1_59' title='bbox 1132 1100 1211 1154; x_wconf 89' lang='lat' dir='ltr'>certe</span> <span class='ocrx_word' id='word_1_60' title='bbox 1238 1094 1305 1154; x_wconf 86' lang='lat' dir='ltr'>Ari·</span> 
     </span>
     <span class='ocr_line' id='line_1_9' title="bbox 129 1194 1308 1274; baseline 0 -18"><span class='ocrx_word' id='word_1_61' title='bbox 129 1198 248 1257; x_wconf 88' lang='lat' dir='ltr'>stoteles</span> <span class='ocrx_word' id='word_1_62' title='bbox 267 1212 302 1255; x_wconf 88' lang='lat' dir='ltr'>eo</span> <span class='ocrx_word' id='word_1_63' title='bbox 322 1212 380 1255; x_wconf 94' lang='lat' dir='ltr'>non</span> <span class='ocrx_word' id='word_1_64' title='bbox 400 1194 501 1268; x_wconf 91' lang='lat' dir='ltr'>utitur,</span> <span class='ocrx_word' id='word_1_65' title='bbox 524 1195 575 1254; x_wconf 89' lang='lat' dir='ltr'>sed</span> <span class='ocrx_word' id='word_1_66' title='bbox 595 1194 723 1269; x_wconf 88' lang='lat' dir='ltr'>appellat</span> <span class='ocrx_word' id='word_1_67' title='bbox 740 1195 806 1254; x_wconf 92' lang='lat' dir='ltr'>illos</span> <span class='ocrx_word' id='word_1_68' title='bbox 825 1194 1078 1274; x_wconf 88' lang='lat' dir='ltr'>Antistheneos¹).</span> <span class='ocrx_word' id='word_1_69' title='bbox 1125 1196 1308 1257; x_wconf 80' lang='lat' dir='ltr'>Posteriores</span> 
     </span>
     <span class='ocr_line' id='line_1_10' title="bbox 128 1295 1307 1374; baseline 0.001 -15"><span class='ocrx_word' id='word_1_70' title='bbox 128 1316 197 1359; x_wconf 88' lang='lat' dir='ltr'>vero</span> <span class='ocrx_word' id='word_1_71' title='bbox 231 1297 331 1372; x_wconf 91' lang='lat' dir='ltr'>Cynici</span> <span class='ocrx_word' id='word_1_72' title='bbox 362 1298 564 1356; x_wconf 89' lang='lat' dir='ltr'>auctoritatem</span> <span class='ocrx_word' id='word_1_73' title='bbox 597 1295 779 1356; x_wconf 82' lang='lat' dir='ltr'>Antisthenis</span> <span class='ocrx_word' id='word_1_74' title='bbox 811 1299 976 1373; x_wconf 84' lang='lat' dir='ltr'>rejicientes</span> <span class='ocrx_word' id='word_1_75' title='bbox 1004 1300 1111 1373; x_wconf 91' lang='lat' dir='ltr'>partim</span> <span class='ocrx_word' id='word_1_76' title='bbox 1145 1298 1307 1374; x_wconf 83' lang='lat' dir='ltr'>Diogenem</span> 
     </span>
     <span class='ocr_line' id='line_1_11' title="bbox 128 1399 1307 1479; baseline 0 -17"><span class='ocrx_word' id='word_1_77' title='bbox 128 1419 228 1462; x_wconf 85' lang='lat' dir='ltr'>verum</span> <span class='ocrx_word' id='word_1_78' title='bbox 248 1405 398 1475; x_wconf 89' lang='lat' dir='ltr'>parentem</span> <span class='ocrx_word' id='word_1_79' title='bbox 419 1399 619 1473; x_wconf 86' lang='lat' dir='ltr'>philosophiae</span> <span class='ocrx_word' id='word_1_80' title='bbox 634 1399 756 1472; x_wconf 83' lang='lat' dir='ltr'>Cynicae</span> <span class='ocrx_word' id='word_1_81' title='bbox 779 1416 841 1459; x_wconf 89' lang='lat' dir='ltr'>esse</span> <span class='ocrx_word' id='word_1_82' title='bbox 863 1400 1065 1479; x_wconf 85' lang='lat' dir='ltr'>voluerunt⁸),</span> <span class='ocrx_word' id='word_1_83' title='bbox 1093 1402 1200 1475; x_wconf 88' lang='lat' dir='ltr'>partim</span> <span class='ocrx_word' id='word_1_84' title='bbox 1221 1403 1307 1462; x_wconf 84' lang='lat' dir='ltr'>initia</span> 
     </span>
     <span class='ocr_line' id='line_1_12' title="bbox 128 1501 1305 1579; baseline 0.001 -16"><span class='ocrx_word' id='word_1_85' title='bbox 128 1505 189 1579; x_wconf 89' lang='lat' dir='ltr'>ejus</span> <span class='ocrx_word' id='word_1_86' title='bbox 216 1503 380 1563; x_wconf 89' lang='lat' dir='ltr'>retulerunt</span> <span class='ocrx_word' id='word_1_87' title='bbox 407 1501 445 1560; x_wconf 92' lang='lat' dir='ltr'>ad</span> <span class='ocrx_word' id='word_1_88' title='bbox 472 1502 566 1575; x_wconf 91' lang='lat' dir='ltr'>ipsum</span> <span class='ocrx_word' id='word_1_89' title='bbox 593 1502 764 1573; x_wconf 89' lang='lat' dir='ltr'>Herculem,</span> <span class='ocrx_word' id='word_1_90' title='bbox 798 1502 971 1577; x_wconf 87' lang='lat' dir='ltr'>Cynosargis</span> <span class='ocrx_word' id='word_1_91' title='bbox 998 1503 1138 1577; x_wconf 89' lang='lat' dir='ltr'>gymnasii</span> <span class='ocrx_word' id='word_1_92' title='bbox 1162 1505 1305 1579; x_wconf 89' lang='lat' dir='ltr'>simulque</span> 
     </span>
     <span class='ocr_line' id='line_1_13' title="bbox 127 1602 1305 1681; baseline 0.003 -18"><span class='ocrx_word' id='word_1_93' title='bbox 127 1611 222 1666; x_wconf 87' lang='lat' dir='ltr'>sectae</span> <span class='ocrx_word' id='word_1_94' title='bbox 238 1604 361 1677; x_wconf 87' lang='lat' dir='ltr'>Cynicae</span> <span class='ocrx_word' id='word_1_95' title='bbox 383 1602 583 1681; x_wconf 67' lang='lat' dir='ltr'>patronum4).</span> <span class='ocrx_word' id='word_1_96' title='bbox 627 1605 729 1677; x_wconf 86' lang='lat' dir='ltr'>Neque</span> <span class='ocrx_word' id='word_1_97' title='bbox 751 1605 852 1678; x_wconf 90' lang='lat' dir='ltr'>negari</span> <span class='ocrx_word' id='word_1_98' title='bbox 873 1611 978 1678; x_wconf 89' lang='lat' dir='ltr'>potest,</span> <span class='ocrx_word' id='word_1_99' title='bbox 1001 1606 1091 1664; x_wconf 88' lang='lat' dir='ltr'>multa</span> <span class='ocrx_word' id='word_1_100' title='bbox 1113 1621 1175 1664; x_wconf 90' lang='lat' dir='ltr'>esse</span> <span class='ocrx_word' id='word_1_101' title='bbox 1199 1606 1305 1679; x_wconf 89' lang='lat' dir='ltr'>quihus</span> 
     </span>
     <span class='ocr_line' id='line_1_14' title="bbox 128 1704 1306 1780; baseline 0.002 -14"><span class='ocrx_word' id='word_1_102' title='bbox 128 1706 264 1767; x_wconf 82' lang='lat' dir='ltr'>differant</span> <span class='ocrx_word' id='word_1_103' title='bbox 294 1707 372 1765; x_wconf 89' lang='lat' dir='ltr'>inter</span> <span class='ocrx_word' id='word_1_104' title='bbox 406 1722 469 1765; x_wconf 88' lang='lat' dir='ltr'>sese</span> <span class='ocrx_word' id='word_1_105' title='bbox 503 1704 691 1765; x_wconf 83' lang='lat' dir='ltr'>Antisthenes</span> <span class='ocrx_word' id='word_1_106' title='bbox 724 1711 754 1765; x_wconf 89' lang='lat' dir='ltr'>et</span> <span class='ocrx_word' id='word_1_107' title='bbox 784 1708 961 1780; x_wconf 88' lang='lat' dir='ltr'>posteriores</span> <span class='ocrx_word' id='word_1_108' title='bbox 997 1707 1106 1780; x_wconf 90' lang='lat' dir='ltr'>Cynici.</span> <span class='ocrx_word' id='word_1_109' title='bbox 1164 1708 1241 1767; x_wconf 87' lang='lat' dir='ltr'>Nam</span> <span class='ocrx_word' id='word_1_110' title='bbox 1273 1715 1306 1768; x_wconf 92' lang='lat' dir='ltr'>ut</span> 
     </span>
     <span class='ocr_line' id='line_1_15' title="bbox 127 1807 1304 1888; baseline 0.002 -20"><span class='ocrx_word' id='word_1_111' title='bbox 127 1810 257 1868; x_wconf 89' lang='lat' dir='ltr'>omittam</span> <span class='ocrx_word' id='word_1_112' title='bbox 284 1808 435 1867; x_wconf 89' lang='lat' dir='ltr'>literarum</span> <span class='ocrx_word' id='word_1_113' title='bbox 464 1808 571 1880; x_wconf 88' lang='lat' dir='ltr'>studio,</span> <span class='ocrx_word' id='word_1_114' title='bbox 602 1825 676 1882; x_wconf 87' lang='lat' dir='ltr'>quae</span> <span class='ocrx_word' id='word_1_115' title='bbox 703 1807 753 1868; x_wconf 90' lang='lat' dir='ltr'>ille</span> <span class='ocrx_word' id='word_1_116' title='bbox 779 1811 871 1882; x_wconf 90' lang='lat' dir='ltr'>magis</span> <span class='ocrx_word' id='word_1_117' title='bbox 898 1827 985 1884; x_wconf 89' lang='lat' dir='ltr'>quam</span> <span class='ocrx_word' id='word_1_118' title='bbox 1011 1809 1116 1882; x_wconf 88' lang='lat' dir='ltr'>reliqui</span> <span class='ocrx_word' id='word_1_119' title='bbox 1138 1810 1261 1870; x_wconf 91' lang='lat' dir='ltr'>retinuit</span> <span class='ocrx_word' id='word_1_120' title='bbox 1269 1809 1304 1888; x_wconf 83' lang='lat'>⁵),</span> 
     </span>
     <span class='ocr_line' id='line_1_16' title="bbox 127 1910 1306 1989; baseline 0.002 -17"><span class='ocrx_word' id='word_1_121' title='bbox 127 1915 215 1972; x_wconf 91' lang='lat' dir='ltr'>etiam</span> <span class='ocrx_word' id='word_1_122' title='bbox 229 1914 305 1972; x_wconf 84' lang='lat' dir='ltr'>vitae</span> <span class='ocrx_word' id='word_1_123' title='bbox 327 1912 441 1971; x_wconf 87' lang='lat' dir='ltr'>ratione</span> <span class='ocrx_word' id='word_1_124' title='bbox 456 1910 645 1971; x_wconf 82' lang='lat' dir='ltr'>Antisthenes</span> <span class='ocrx_word' id='word_1_125' title='bbox 666 1910 794 1970; x_wconf 89' lang='lat' dir='ltr'>noudum</span> <span class='ocrx_word' id='word_1_126' title='bbox 810 1910 956 1972; x_wconf 90' lang='lat' dir='ltr'>sordidam</span> <span class='ocrx_word' id='word_1_127' title='bbox 977 1913 1057 1971; x_wconf 88' lang='lat' dir='ltr'>illam</span> <span class='ocrx_word' id='word_1_128' title='bbox 1073 1912 1306 1989; x_wconf 88' lang='lat' dir='ltr'>obscoenamque</span> 
     </span>
     <span class='ocr_line' id='line_1_17' title="bbox 127 2013 1306 2091; baseline 0.004 -18"><span class='ocrx_word' id='word_1_129' title='bbox 127 2015 251 2091; x_wconf 89' lang='lat' dir='ltr'>speciem</span> <span class='ocrx_word' id='word_1_130' title='bbox 284 2031 355 2089; x_wconf 86' lang='lat' dir='ltr'>prae</span> <span class='ocrx_word' id='word_1_131' title='bbox 383 2031 415 2074; x_wconf 91' lang='lat' dir='ltr'>se</span> <span class='ocrx_word' id='word_1_132' title='bbox 446 2013 574 2087; x_wconf 83' lang='lat' dir='ltr'>ferebat,</span> <span class='ocrx_word' id='word_1_133' title='bbox 612 2031 697 2087; x_wconf 88' lang='lat' dir='ltr'>quam</span> <span class='ocrx_word' id='word_1_134' title='bbox 724 2013 869 2089; x_wconf 84' lang='lat' dir='ltr'>Diogenes</span> <span class='ocrx_word' id='word_1_135' title='bbox 903 2015 1050 2088; x_wconf 86' lang='lat' dir='ltr'>ceterique</span> <span class='ocrx_word' id='word_1_136' title='bbox 1083 2021 1143 2073; x_wconf 89' lang='lat' dir='ltr'>tam</span> <span class='ocrx_word' id='word_1_137' title='bbox 1176 2016 1306 2078; x_wconf 86' lang='lat' dir='ltr'>studiose</span> 
     </span>
     <span class='ocr_line' id='line_1_18' title="bbox 128 2116 313 2177; baseline 0 -2"><span class='ocrx_word' id='word_1_138' title='bbox 128 2116 313 2177; x_wconf 83' lang='lat' dir='ltr'>affectabant.</span> 
     </span>
    </p>

    <p class='ocr_par' dir='ltr' id='par_1_3' title="bbox 129 2217 1308 2396">
     <span class='ocr_line' id='line_1_19' title="bbox 214 2217 1308 2294; baseline 0.005 -18"><span class='ocrx_word' id='word_1_139' title='bbox 214 2219 407 2277; x_wconf 86' lang='lat' dir='ltr'>Nihilominus</span> <span class='ocrx_word' id='word_1_140' title='bbox 440 2217 629 2277; x_wconf 90' lang='lat' dir='ltr'>Antisthenes</span> <span class='ocrx_word' id='word_1_141' title='bbox 669 2235 755 2277; x_wconf 84' lang='lat' dir='ltr'>verus</span> <span class='ocrx_word' id='word_1_142' title='bbox 792 2220 927 2293; x_wconf 90' lang='lat' dir='ltr'>princeps</span> <span class='ocrx_word' id='word_1_143' title='bbox 965 2225 1053 2294; x_wconf 87' lang='lat' dir='ltr'>atque</span> <span class='ocrx_word' id='word_1_144' title='bbox 1094 2227 1196 2280; x_wconf 88' lang='lat' dir='ltr'>auctor</span> <span class='ocrx_word' id='word_1_145' title='bbox 1228 2223 1308 2282; x_wconf 88' lang='lat' dir='ltr'>illius</span> 
     </span>
     <span class='ocr_line' id='line_1_20' title="bbox 129 2316 1306 2396; baseline 0.003 -16"><span class='ocrx_word' id='word_1_146' title='bbox 129 2327 225 2381; x_wconf 90' lang='lat' dir='ltr'>sectae</span> <span class='ocrx_word' id='word_1_147' title='bbox 254 2319 461 2380; x_wconf 85' lang='lat' dir='ltr'>existimandus</span> <span class='ocrx_word' id='word_1_148' title='bbox 488 2316 576 2396; x_wconf 87' lang='lat' dir='ltr'>est⁸).</span> <span class='ocrx_word' id='word_1_149' title='bbox 632 2321 660 2380; x_wconf 92' lang='lat' dir='ltr'>Is</span> <span class='ocrx_word' id='word_1_150' title='bbox 690 2321 766 2380; x_wconf 87' lang='lat' dir='ltr'>enim</span> <span class='ocrx_word' id='word_1_151' title='bbox 788 2322 885 2380; x_wconf 87' lang='lat' dir='ltr'>statim</span> <span class='ocrx_word' id='word_1_152' title='bbox 907 2321 944 2380; x_wconf 92' lang='lat' dir='ltr'>ab</span> <span class='ocrx_word' id='word_1_153' title='bbox 973 2322 1057 2380; x_wconf 92' lang='lat' dir='ltr'>initio</span> <span class='ocrx_word' id='word_1_154' title='bbox 1086 2340 1150 2381; x_wconf 91' lang='lat' dir='ltr'>cum</span> <span class='ocrx_word' id='word_1_155' title='bbox 1178 2321 1306 2384; x_wconf 86' lang='lat' dir='ltr'>scholam</span> 
     </span>
    </p>
   </div>
   <div class='ocr_carea' id='block_1_3' title="bbox 123 2481 1307 4348">
    <p class='ocr_par' dir='ltr' id='par_1_4' title="bbox 126 2481 1305 2728">
     <span class='ocr_line' id='line_1_21' title="bbox 128 2481 1305 2557; baseline 0.004 -17"><span class='ocrx_word' id='word_1_156' title='bbox 128 2484 157 2540; x_wconf 86' lang='grc' dir='ltr'>τὸ</span> <span class='ocrx_word' id='word_1_157' title='bbox 177 2487 207 2543; x_wconf 76' lang='grc' dir='ltr'>ἰν</span> <span class='ocrx_word' id='word_1_158' title='bbox 224 2483 395 2556; x_wconf 79' lang='grc' dir='ltr'><strong><em>Κυνοςοῖρμει</em></strong></span> <span class='ocrx_word' id='word_1_159' title='bbox 412 2488 448 2554; x_wconf 77' lang='grc' dir='ltr'>τῷ</span> <span class='ocrx_word' id='word_1_160' title='bbox 465 2490 611 2557; x_wconf 78' lang='grc' dir='ltr'><strong><em>γυμνασίῳ</em></strong></span> <span class='ocrx_word' id='word_1_161' title='bbox 630 2481 742 2548; x_wconf 78' lang='grc' dir='ltr'><em>διδάξαι</em></span> <span class='ocrx_word' id='word_1_162' title='bbox 759 2483 875 2542; x_wconf 83' lang='grc' dir='ltr'><strong><em>αι’τόν.“</em></strong></span> <span class='ocrx_word' id='word_1_163' title='bbox 895 2519 925 2530; x_wconf 94' lang='lat'>-</span> <span class='ocrx_word' id='word_1_164' title='bbox 944 2487 1061 2553; x_wconf 87' lang='lat' dir='ltr'>Hesych.</span> <span class='ocrx_word' id='word_1_165' title='bbox 1079 2487 1168 2542; x_wconf 87' lang='lat' dir='ltr'>Miles.</span> <span class='ocrx_word' id='word_1_166' title='bbox 1185 2505 1213 2557; x_wconf 92' lang='lat' dir='ltr'>p.</span> <span class='ocrx_word' id='word_1_167' title='bbox 1230 2493 1247 2542; x_wconf 84' lang='lat'><strong>2</strong></span> <span class='ocrx_word' id='word_1_168' title='bbox 1265 2489 1305 2545; x_wconf 86' lang='lat' dir='ltr'>ed.</span> 
     </span>
     <span class='ocr_line' id='line_1_22' title="bbox 126 2567 1305 2646; baseline 0.003 -21"><span class='ocrx_word' id='word_1_169' title='bbox 126 2571 217 2626; x_wconf 87' lang='lat' dir='ltr'>Orelli.</span> <span class='ocrx_word' id='word_1_170' title='bbox 248 2569 353 2638; x_wconf 79' lang='grc' dir='ltr'><strong><em>Κυνικὴ</em></strong></span> <span class='ocrx_word' id='word_1_171' title='bbox 381 2567 483 2638; x_wconf 72' lang='grc' dir='ltr'><strong><em>ἐκλήθη</em></strong></span> <span class='ocrx_word' id='word_1_172' title='bbox 512 2572 668 2641; x_wconf 77' lang='grc' dir='ltr'><strong><em>φιλοσοφία</em></strong></span> <span class='ocrx_word' id='word_1_173' title='bbox 702 2567 748 2623; x_wconf 78' lang='grc' dir='ltr'>διὰ</span> <span class='ocrx_word' id='word_1_174' title='bbox 774 2568 803 2624; x_wconf 85' lang='grc' dir='ltr'>τὸ</span> <span class='ocrx_word' id='word_1_175' title='bbox 834 2571 865 2628; x_wconf 69' lang='grc' dir='ltr'>ἐν</span> <span class='ocrx_word' id='word_1_176' title='bbox 896 2568 1067 2644; x_wconf 78' lang='grc' dir='ltr'><strong><em>Κυνοςιέρμει</em></strong></span> <span class='ocrx_word' id='word_1_177' title='bbox 1094 2576 1130 2642; x_wconf 75' lang='grc' dir='ltr'>τῷ</span> <span class='ocrx_word' id='word_1_178' title='bbox 1158 2580 1305 2646; x_wconf 74' lang='grc' dir='ltr'><em>γυμνασίῳ</em></span> 
     </span>
     <span class='ocr_line' id='line_1_23' title="bbox 127 2652 682 2728; baseline -0.004 -19"><span class='ocrx_word' id='word_1_179' title='bbox 127 2653 317 2728; x_wconf 75' lang='grc' dir='ltr'><strong><em>κατάρξασθαι</em></strong></span> <span class='ocrx_word' id='word_1_180' title='bbox 334 2653 417 2723; x_wconf 81' lang='grc' dir='ltr'><strong><em>αὐτῆς</em></strong></span> <span class='ocrx_word' id='word_1_181' title='bbox 434 2653 482 2712; x_wconf 85' lang='grc' dir='ltr'>τὸν</span> <span class='ocrx_word' id='word_1_182' title='bbox 496 2652 682 2721; x_wconf 73' lang='grc' dir='ltr'>Ἀντισθένην.</span> 
     </span>
    </p>

    <p class='ocr_par' dir='ltr' id='par_1_5' title="bbox 127 2739 1306 2897">
     <span class='ocr_line' id='line_1_24' title="bbox 194 2739 1306 2813; baseline 0.003 -17"><span class='ocrx_word' id='word_1_183' title='bbox 194 2743 219 2810; x_wconf 91' lang='grc'>1)</span> <span class='ocrx_word' id='word_1_184' title='bbox 238 2741 276 2795; x_wconf 91' lang='lat' dir='ltr'>Cf.</span> <span class='ocrx_word' id='word_1_185' title='bbox 295 2740 385 2795; x_wconf 87' lang='lat' dir='ltr'>Schol.</span> <span class='ocrx_word' id='word_1_186' title='bbox 403 2740 437 2794; x_wconf 87' lang='lat' dir='ltr'>ad</span> <span class='ocrx_word' id='word_1_187' title='bbox 453 2740 564 2794; x_wconf 87' lang='lat' dir='ltr'>Aristot.</span> <span class='ocrx_word' id='word_1_188' title='bbox 582 2756 608 2808; x_wconf 93' lang='lat' dir='ltr'>p.</span> <span class='ocrx_word' id='word_1_189' title='bbox 628 2743 661 2794; x_wconf 85' lang='lat'>23</span> <span class='ocrx_word' id='word_1_190' title='bbox 679 2739 817 2809; x_wconf 90' lang='lat' dir='ltr'>Braudis.;</span> <span class='ocrx_word' id='word_1_191' title='bbox 843 2739 1022 2809; x_wconf 90' lang='lat' dir='ltr'>Philoponum</span> <span class='ocrx_word' id='word_1_192' title='bbox 1040 2743 1103 2797; x_wconf 89' lang='lat' dir='ltr'>ibid.</span> <span class='ocrx_word' id='word_1_193' title='bbox 1126 2761 1152 2812; x_wconf 94' lang='lat' dir='ltr'>p.</span> <span class='ocrx_word' id='word_1_194' title='bbox 1172 2746 1205 2797; x_wconf 84' lang='lat'>35</span> <span class='ocrx_word' id='word_1_195' title='bbox 1224 2745 1306 2813; x_wconf 89' lang='lat' dir='ltr'>(apud</span> 
     </span>
     <span class='ocr_line' id='line_1_25' title="bbox 127 2824 1264 2897; baseline 0.003 -18"><span class='ocrx_word' id='word_1_196' title='bbox 127 2826 286 2880; x_wconf 89' lang='lat' dir='ltr'>Winckelm.</span> <span class='ocrx_word' id='word_1_197' title='bbox 304 2843 331 2894; x_wconf 91' lang='lat' dir='ltr'>p.</span> <span class='ocrx_word' id='word_1_198' title='bbox 349 2829 366 2879; x_wconf 88' lang='grc'>8</span> <span class='ocrx_word' id='word_1_199' title='bbox 384 2835 435 2895; x_wconf 78' lang='lat' dir='ltr'>sq.)</span> <span class='ocrx_word' id='word_1_200' title='bbox 453 2830 480 2880; x_wconf 91' lang='lat' dir='ltr'>et</span> <span class='ocrx_word' id='word_1_201' title='bbox 496 2824 570 2879; x_wconf 93' lang='lat' dir='ltr'>locos</span> <span class='ocrx_word' id='word_1_202' title='bbox 588 2841 655 2893; x_wconf 93' lang='lat' dir='ltr'>quos</span> <span class='ocrx_word' id='word_1_203' title='bbox 672 2825 814 2892; x_wconf 85' lang='lat' dir='ltr'>Menagius</span> <span class='ocrx_word' id='word_1_204' title='bbox 833 2826 866 2879; x_wconf 88' lang='lat' dir='ltr'>ad</span> <span class='ocrx_word' id='word_1_205' title='bbox 883 2826 962 2896; x_wconf 86' lang='lat' dir='ltr'>Diog.</span> <span class='ocrx_word' id='word_1_206' title='bbox 982 2827 1013 2880; x_wconf 84' lang='lat' dir='ltr'>L.</span> <span class='ocrx_word' id='word_1_207' title='bbox 1032 2828 1078 2897; x_wconf 85' lang='lat' dir='ltr'>Vl,</span> <span class='ocrx_word' id='word_1_208' title='bbox 1098 2832 1130 2882; x_wconf 86' lang='lat'>13</span> <span class='ocrx_word' id='word_1_209' title='bbox 1148 2827 1264 2896; x_wconf 87' lang='lat' dir='ltr'>collegit.</span> 
     </span>
    </p>

    <p class='ocr_par' dir='ltr' id='par_1_6' title="bbox 126 2909 1307 3066">
     <span class='ocr_line' id='line_1_26' title="bbox 193 2909 1307 2986; baseline 0.001 -21"><span class='ocrx_word' id='word_1_210' title='bbox 193 2912 219 2980; x_wconf 82' lang='lat'>2)</span> <span class='ocrx_word' id='word_1_211' title='bbox 236 2911 356 2979; x_wconf 88' lang='lat' dir='ltr'>Metaph.</span> <span class='ocrx_word' id='word_1_212' title='bbox 379 2910 414 2964; x_wconf 89' lang='lat' dir='ltr'>H.</span> <span class='ocrx_word' id='word_1_213' title='bbox 438 2913 467 2978; x_wconf 84' lang='lat'>3,</span> <span class='ocrx_word' id='word_1_214' title='bbox 496 2912 583 2964; x_wconf 77' lang='lat' dir='ltr'>1043b</span> <span class='ocrx_word' id='word_1_215' title='bbox 607 2913 650 2964; x_wconf 85' lang='lat'>23.</span> <span class='ocrx_word' id='word_1_216' title='bbox 678 2940 712 2950; x_wconf 92' lang='lat'>—</span> <span class='ocrx_word' id='word_1_217' title='bbox 738 2910 879 2986; x_wconf 73' lang='grc' dir='ltr'><strong><em>ἡάττορία</em></strong></span> <span class='ocrx_word' id='word_1_218' title='bbox 901 2909 937 2980; x_wconf 79' lang='grc' dir='ltr'>ἣν</span> <span class='ocrx_word' id='word_1_219' title='bbox 955 2915 982 2967; x_wconf 81' lang='lat' dir='ltr'>oi</span> <span class='ocrx_word' id='word_1_220' title='bbox 996 2912 1194 2970; x_wconf 73' lang='grc' dir='ltr'><strong><em>Ἀντισθένειοι</em></strong></span> <span class='ocrx_word' id='word_1_221' title='bbox 1214 2916 1261 2966; x_wconf 80' lang='grc' dir='ltr'>καὶ</span> <span class='ocrx_word' id='word_1_222' title='bbox 1280 2915 1307 2966; x_wconf 79' lang='grc' dir='ltr'>οἱ</span> 
     </span>
     <span class='ocr_line' id='line_1_27' title="bbox 126 2992 596 3066; baseline 0 -17"><span class='ocrx_word' id='word_1_223' title='bbox 126 2995 211 3056; x_wconf 79' lang='grc' dir='ltr'><strong><em>οὕτως</em></strong></span> <span class='ocrx_word' id='word_1_224' title='bbox 230 2995 393 3051; x_wconf 79' lang='grc' dir='ltr'><strong><em>ἀπαίδευτοι</em></strong></span> <span class='ocrx_word' id='word_1_225' title='bbox 409 2992 536 3066; x_wconf 80' lang='grc' dir='ltr'><strong><em>ἠπόρουν</em></strong></span> <span class='ocrx_word' id='word_1_226' title='bbox 552 3027 596 3049; x_wconf 89' lang='grc'>-.</span> 
     </span>
    </p>

    <p class='ocr_par' dir='ltr' id='par_1_7' title="bbox 194 3080 1134 3152">
     <span class='ocr_line' id='line_1_28' title="bbox 194 3080 1134 3152; baseline -0.001 -17"><span class='ocrx_word' id='word_1_227' title='bbox 194 3081 219 3149; x_wconf 87' lang='grc'>3)</span> <span class='ocrx_word' id='word_1_228' title='bbox 236 3081 324 3149; x_wconf 84' lang='lat' dir='ltr'>Epist.</span> <span class='ocrx_word' id='word_1_229' title='bbox 339 3080 566 3136; x_wconf 89' lang='lat' dir='ltr'>Pseudo-Cratet.</span> <span class='ocrx_word' id='word_1_230' title='bbox 584 3082 618 3151; x_wconf 85' lang='lat'>11,</span> <span class='ocrx_word' id='word_1_231' title='bbox 637 3099 663 3151; x_wconf 91' lang='lat' dir='ltr'>p.</span> <span class='ocrx_word' id='word_1_232' title='bbox 683 3086 715 3136; x_wconf 88' lang='lat'>17</span> <span class='ocrx_word' id='word_1_233' title='bbox 721 3103 728 3152; x_wconf 90' lang='lat'>;</span> <span class='ocrx_word' id='word_1_234' title='bbox 746 3082 778 3151; x_wconf 85' lang='lat' dir='ltr'>V,</span> <span class='ocrx_word' id='word_1_235' title='bbox 797 3100 823 3151; x_wconf 94' lang='lat' dir='ltr'>p.</span> <span class='ocrx_word' id='word_1_236' title='bbox 841 3086 883 3137; x_wconf 86' lang='lat'>21.</span> <span class='ocrx_word' id='word_1_237' title='bbox 901 3087 935 3137; x_wconf 82' lang='lat'>22</span> <span class='ocrx_word' id='word_1_238' title='bbox 954 3083 994 3138; x_wconf 90' lang='lat' dir='ltr'>ed.</span> <span class='ocrx_word' id='word_1_239' title='bbox 1011 3082 1134 3136; x_wconf 90' lang='lat' dir='ltr'>Boisson.</span> 
     </span>
    </p>

    <p class='ocr_par' dir='ltr' id='par_1_8' title="bbox 125 3164 1306 3407">
     <span class='ocr_line' id='line_1_29' title="bbox 193 3164 1306 3239; baseline 0.002 -20"><span class='ocrx_word' id='word_1_240' title='bbox 193 3167 219 3236; x_wconf 88' lang='grc'>4)</span> <span class='ocrx_word' id='word_1_241' title='bbox 236 3167 336 3221; x_wconf 89' lang='lat' dir='ltr'>Julian.</span> <span class='ocrx_word' id='word_1_242' title='bbox 355 3166 428 3221; x_wconf 88' lang='lat' dir='ltr'>Orat.</span> <span class='ocrx_word' id='word_1_243' title='bbox 446 3167 492 3235; x_wconf 84' lang='lat' dir='ltr'>VI,</span> <span class='ocrx_word' id='word_1_244' title='bbox 510 3184 535 3235; x_wconf 94' lang='lat' dir='ltr'>p.</span> <span class='ocrx_word' id='word_1_245' title='bbox 556 3170 605 3221; x_wconf 86' lang='grc'>187</span> <span class='ocrx_word' id='word_1_246' title='bbox 624 3184 645 3222; x_wconf 90' lang='lat' dir='ltr'>c.</span> <span class='ocrx_word' id='word_1_247' title='bbox 666 3168 780 3236; x_wconf 86' lang='lat' dir='ltr'>Spanh.:</span> <span class='ocrx_word' id='word_1_248' title='bbox 798 3170 879 3222; x_wconf 81' lang='grc' dir='ltr'><strong><em>τοῦτο</em></strong></span> <span class='ocrx_word' id='word_1_249' title='bbox 896 3171 968 3239; x_wconf 80' lang='grc' dir='ltr'><strong><em>γοῦν</em></strong></span> <span class='ocrx_word' id='word_1_250' title='bbox 986 3167 1077 3224; x_wconf 75' lang='grc' dir='ltr'><strong><em>ἔοικεν</em></strong></span> <span class='ocrx_word' id='word_1_251' title='bbox 1098 3164 1238 3238; x_wconf 71' lang='grc' dir='ltr'><strong><em>Οἰνόμαος</em></strong></span> <span class='ocrx_word' id='word_1_252' title='bbox 1254 3167 1306 3222; x_wconf 81' lang='grc' dir='ltr'>οὐκ</span> 
     </span>
     <span class='ocr_line' id='line_1_30' title="bbox 125 3248 1306 3326; baseline 0.003 -21"><span class='ocrx_word' id='word_1_253' title='bbox 125 3249 234 3311; x_wconf 79' lang='grc' dir='ltr'><strong><em>ἀτόπως</em></strong></span> <span class='ocrx_word' id='word_1_254' title='bbox 256 3254 358 3322; x_wconf 75' lang='grc' dir='ltr'><strong><em>λέγειν·</em></strong></span> <span class='ocrx_word' id='word_1_255' title='bbox 385 3249 399 3304; x_wconf 88' lang='grc' dir='ltr'>ὁ</span> <span class='ocrx_word' id='word_1_256' title='bbox 426 3249 568 3324; x_wconf 84' lang='grc' dir='ltr'><strong><em>Κυνισμὸς</em></strong></span> <span class='ocrx_word' id='word_1_257' title='bbox 594 3249 657 3308; x_wconf 75' lang='grc' dir='ltr'><strong><em>οὔτε</em></strong></span> <span class='ocrx_word' id='word_1_258' title='bbox 676 3250 903 3326; x_wconf 83' lang='grc' dir='ltr'><strong><em>Ἀντισθενισμός</em></strong></span> <span class='ocrx_word' id='word_1_259' title='bbox 930 3251 1006 3309; x_wconf 68' lang='grc' dir='ltr'><strong><em>ἐστιν</em></strong></span> <span class='ocrx_word' id='word_1_260' title='bbox 1032 3248 1093 3308; x_wconf 76' lang='grc' dir='ltr'><strong><em>οὔτε</em></strong></span> <span class='ocrx_word' id='word_1_261' title='bbox 1117 3251 1306 3326; x_wconf 80' lang='grc' dir='ltr'><strong><em>Διομενισμός</em></strong></span> 
     </span>
     <span class='ocr_line' id='line_1_31' title="bbox 126 3336 1282 3407; baseline 0.004 -18"><span class='ocrx_word' id='word_1_262' title='bbox 126 3356 150 3388; x_wconf 93' lang='grc' dir='ltr'>κ.</span> <span class='ocrx_word' id='word_1_263' title='bbox 170 3356 192 3390; x_wconf 85' lang='grc' dir='ltr'>τ.</span> <span class='ocrx_word' id='word_1_264' title='bbox 211 3339 235 3389; x_wconf 80' lang='grc' dir='ltr'>λ.</span> <span class='ocrx_word' id='word_1_265' title='bbox 255 3365 284 3375; x_wconf 90' lang='grc'>-</span> <span class='ocrx_word' id='word_1_266' title='bbox 303 3337 404 3391; x_wconf 90' lang='lat' dir='ltr'>Auson.</span> <span class='ocrx_word' id='word_1_267' title='bbox 422 3336 515 3404; x_wconf 84' lang='lat' dir='ltr'>Epigr.</span> <span class='ocrx_word' id='word_1_268' title='bbox 534 3337 645 3407; x_wconf 84' lang='lat' dir='ltr'>XXVII,</span> <span class='ocrx_word' id='word_1_269' title='bbox 663 3339 711 3393; x_wconf 90' lang='lat' dir='ltr'>ubi</span> <span class='ocrx_word' id='word_1_270' title='bbox 727 3339 881 3393; x_wconf 86' lang='lat' dir='ltr'>Antistheni</span> <span class='ocrx_word' id='word_1_271' title='bbox 898 3338 1054 3393; x_wconf 89' lang='lat' dir='ltr'>tribuuntur</span> <span class='ocrx_word' id='word_1_272' title='bbox 1070 3339 1169 3392; x_wconf 88' lang='lat' dir='ltr'>haecce</span> <span class='ocrx_word' id='word_1_273' title='bbox 1187 3339 1282 3395; x_wconf 87' lang='lat' dir='ltr'>verba:</span> 
     </span>
    </p>

    <p class='ocr_par' dir='ltr' id='par_1_9' title="bbox 313 3423 1082 3578">
     <span class='ocr_line' id='line_1_32' title="bbox 313 3423 1082 3493; baseline 0.004 -18"><span class='ocrx_word' id='word_1_274' title='bbox 313 3423 456 3491; x_wconf 90' lang='lat' dir='ltr'>„Inventor</span> <span class='ocrx_word' id='word_1_275' title='bbox 472 3423 573 3490; x_wconf 85' lang='lat' dir='ltr'>primus</span> <span class='ocrx_word' id='word_1_276' title='bbox 592 3423 705 3490; x_wconf 85' lang='lat' dir='ltr'>Cynices</span> <span class='ocrx_word' id='word_1_277' title='bbox 723 3440 785 3493; x_wconf 83' lang='lat' dir='ltr'>ego:</span> <span class='ocrx_word' id='word_1_278' title='bbox 804 3440 874 3493; x_wconf 86' lang='lat' dir='ltr'>quae</span> <span class='ocrx_word' id='word_1_279' title='bbox 891 3424 960 3480; x_wconf 87' lang='lat' dir='ltr'>ratio</span> <span class='ocrx_word' id='word_1_280' title='bbox 977 3425 1082 3479; x_wconf 86' lang='lat' dir='ltr'>istaec?</span> 
     </span>
     <span class='ocr_line' id='line_1_33' title="bbox 346 3507 848 3578; baseline 0.006 -17"><span class='ocrx_word' id='word_1_281' title='bbox 346 3507 456 3562; x_wconf 89' lang='lat' dir='ltr'>Alcides</span> <span class='ocrx_word' id='word_1_282' title='bbox 473 3507 557 3562; x_wconf 88' lang='lat' dir='ltr'>multo</span> <span class='ocrx_word' id='word_1_283' title='bbox 575 3508 672 3563; x_wconf 90' lang='lat' dir='ltr'>dicitur</span> <span class='ocrx_word' id='word_1_284' title='bbox 689 3524 750 3564; x_wconf 89' lang='lat' dir='ltr'>esse</span> <span class='ocrx_word' id='word_1_285' title='bbox 767 3510 848 3578; x_wconf 87' lang='lat' dir='ltr'>prior.</span> 
     </span>
    </p>

    <p class='ocr_par' dir='ltr' id='par_1_10' title="bbox 314 3592 1036 3750">
     <span class='ocr_line' id='line_1_34' title="bbox 314 3592 972 3664; baseline 0.005 -18"><span class='ocrx_word' id='word_1_286' title='bbox 314 3592 410 3647; x_wconf 91' lang='lat' dir='ltr'>Alcida</span> <span class='ocrx_word' id='word_1_287' title='bbox 427 3593 560 3661; x_wconf 85' lang='lat' dir='ltr'>quondam</span> <span class='ocrx_word' id='word_1_288' title='bbox 578 3593 681 3648; x_wconf 85' lang='lat' dir='ltr'>fueram</span> <span class='ocrx_word' id='word_1_289' title='bbox 698 3594 807 3650; x_wconf 89' lang='lat' dir='ltr'>doctore</span> <span class='ocrx_word' id='word_1_290' title='bbox 825 3594 972 3664; x_wconf 90' lang='lat' dir='ltr'>secundus;</span> 
     </span>
     <span class='ocr_line' id='line_1_35' title="bbox 346 3679 1036 3750; baseline 0.003 -18"><span class='ocrx_word' id='word_1_291' title='bbox 346 3679 424 3733; x_wconf 88' lang='lat' dir='ltr'>Nunc</span> <span class='ocrx_word' id='word_1_292' title='bbox 443 3695 492 3747; x_wconf 91' lang='lat' dir='ltr'>ego</span> <span class='ocrx_word' id='word_1_293' title='bbox 511 3695 570 3733; x_wconf 92' lang='lat' dir='ltr'>sum</span> <span class='ocrx_word' id='word_1_294' title='bbox 588 3680 698 3750; x_wconf 87' lang='lat' dir='ltr'>Cynices</span> <span class='ocrx_word' id='word_1_295' title='bbox 716 3681 818 3749; x_wconf 85' lang='lat' dir='ltr'>primus</span> <span class='ocrx_word' id='word_1_296' title='bbox 836 3686 864 3734; x_wconf 90' lang='lat' dir='ltr'>et</span> <span class='ocrx_word' id='word_1_297' title='bbox 880 3679 926 3734; x_wconf 91' lang='lat' dir='ltr'>ille</span> <span class='ocrx_word' id='word_1_298' title='bbox 944 3679 1036 3734; x_wconf 88' lang='lat' dir='ltr'>deus.“</span> 
     </span>
    </p>

    <p class='ocr_par' dir='ltr' id='par_1_11' title="bbox 124 3762 1305 4087">
     <span class='ocr_line' id='line_1_36' title="bbox 194 3762 1304 3834; baseline 0.004 -18"><span class='ocrx_word' id='word_1_299' title='bbox 194 3763 219 3832; x_wconf 88' lang='grc'>5)</span> <span class='ocrx_word' id='word_1_300' title='bbox 237 3762 306 3817; x_wconf 86' lang='lat' dir='ltr'>Nam</span> <span class='ocrx_word' id='word_1_301' title='bbox 329 3765 432 3832; x_wconf 87' lang='lat' dir='ltr'>etipse</span> <span class='ocrx_word' id='word_1_302' title='bbox 456 3764 603 3833; x_wconf 88' lang='lat' dir='ltr'>permultos</span> <span class='ocrx_word' id='word_1_303' title='bbox 627 3765 735 3834; x_wconf 87' lang='lat' dir='ltr'>scripsit</span> <span class='ocrx_word' id='word_1_304' title='bbox 751 3765 817 3819; x_wconf 85' lang='lat' dir='ltr'>varii</span> <span class='ocrx_word' id='word_1_305' title='bbox 835 3765 939 3834; x_wconf 85' lang='lat' dir='ltr'>generis</span> <span class='ocrx_word' id='word_1_306' title='bbox 957 3764 1040 3819; x_wconf 89' lang='lat' dir='ltr'>libros</span> <span class='ocrx_word' id='word_1_307' title='bbox 1058 3770 1086 3818; x_wconf 90' lang='lat' dir='ltr'>et</span> <span class='ocrx_word' id='word_1_308' title='bbox 1103 3764 1185 3818; x_wconf 90' lang='lat' dir='ltr'>animi</span> <span class='ocrx_word' id='word_1_309' title='bbox 1202 3765 1304 3821; x_wconf 90' lang='lat' dir='ltr'>cultum</span> 
     </span>
     <span class='ocr_line' id='line_1_37' title="bbox 124 3848 1305 3920; baseline 0.005 -19"><span class='ocrx_word' id='word_1_310' title='bbox 124 3849 322 3903; x_wconf 86' lang='lat' dir='ltr'>commendavit.</span> <span class='ocrx_word' id='word_1_311' title='bbox 349 3848 433 3918; x_wconf 84' lang='lat' dir='ltr'>(Stoh.</span> <span class='ocrx_word' id='word_1_312' title='bbox 453 3849 510 3903; x_wconf 85' lang='lat' dir='ltr'>Ecl.</span> <span class='ocrx_word' id='word_1_313' title='bbox 530 3849 570 3904; x_wconf 89' lang='lat' dir='ltr'>ed.</span> <span class='ocrx_word' id='word_1_314' title='bbox 589 3849 672 3905; x_wconf 84' lang='lat' dir='ltr'>Gaisf.</span> <span class='ocrx_word' id='word_1_315' title='bbox 690 3850 762 3920; x_wconf 92' lang='lat' dir='ltr'>App.</span> <span class='ocrx_word' id='word_1_316' title='bbox 785 3851 825 3919; x_wconf 89' lang='lat'>11,</span> <span class='ocrx_word' id='word_1_317' title='bbox 845 3854 886 3920; x_wconf 88' lang='lat'>13,</span> <span class='ocrx_word' id='word_1_318' title='bbox 904 3853 956 3918; x_wconf 87' lang='grc'>68.)</span> <span class='ocrx_word' id='word_1_319' title='bbox 986 3850 1062 3917; x_wconf 78' lang='lat' dir='ltr'>Quae</span> <span class='ocrx_word' id='word_1_320' title='bbox 1084 3865 1147 3904; x_wconf 86' lang='lat' dir='ltr'>vero</span> <span class='ocrx_word' id='word_1_321' title='bbox 1170 3850 1305 3920; x_wconf 78' lang='lat' dir='ltr'>Diogenes</span> 
     </span>
     <span class='ocr_line' id='line_1_38' title="bbox 125 3934 1305 4006; baseline 0.002 -19"><span class='ocrx_word' id='word_1_322' title='bbox 125 3934 249 3988; x_wconf 77' lang='lat' dir='ltr'>Laertius</span> <span class='ocrx_word' id='word_1_323' title='bbox 271 3935 299 3987; x_wconf 93' lang='lat' dir='ltr'>in</span> <span class='ocrx_word' id='word_1_324' title='bbox 322 3935 480 3989; x_wconf 87' lang='lat' dir='ltr'>contrariam</span> <span class='ocrx_word' id='word_1_325' title='bbox 503 3937 661 3991; x_wconf 90' lang='lat' dir='ltr'>sententiam</span> <span class='ocrx_word' id='word_1_326' title='bbox 684 3936 766 3991; x_wconf 87' lang='lat' dir='ltr'>tradit</span> <span class='ocrx_word' id='word_1_327' title='bbox 787 3936 848 4006; x_wconf 83' lang='lat' dir='ltr'>(VI,</span> <span class='ocrx_word' id='word_1_328' title='bbox 867 3940 908 3990; x_wconf 94' lang='lat'>11.</span> <span class='ocrx_word' id='word_1_329' title='bbox 928 3935 1259 4006; x_wconf 81' lang='lat' dir='ltr'>103),.eeZellerus(11,</span> <span class='ocrx_word' id='word_1_330' title='bbox 1277 3955 1305 4006; x_wconf 91' lang='lat' dir='ltr'>p.</span> 
     </span>
     <span class='ocr_line' id='line_1_39' title="bbox 124 4018 698 4087; baseline 0.007 -15"><span class='ocrx_word' id='word_1_331' title='bbox 124 4022 176 4072; x_wconf 86' lang='lat'>207</span> <span class='ocrx_word' id='word_1_332' title='bbox 195 4018 245 4087; x_wconf 85' lang='lat' dir='ltr'>sq.)</span> <span class='ocrx_word' id='word_1_333' title='bbox 263 4019 415 4087; x_wconf 88' lang='lat' dir='ltr'>adjustum</span> <span class='ocrx_word' id='word_1_334' title='bbox 433 4019 540 4074; x_wconf 92' lang='lat' dir='ltr'>modum</span> <span class='ocrx_word' id='word_1_335' title='bbox 557 4021 698 4076; x_wconf 85' lang='lat' dir='ltr'>revocarit.</span> 
     </span>
    </p>

    <p class='ocr_par' dir='ltr' id='par_1_12' title="bbox 123 4102 1305 4348">
     <span class='ocr_line' id='line_1_40' title="bbox 193 4102 1303 4180; baseline 0.005 -25"><span class='ocrx_word' id='word_1_336' title='bbox 193 4105 219 4172; x_wconf 89' lang='grc'>6)</span> <span class='ocrx_word' id='word_1_337' title='bbox 236 4102 313 4172; x_wconf 81' lang='lat' dir='ltr'>Diog.</span> <span class='ocrx_word' id='word_1_338' title='bbox 332 4104 363 4159; x_wconf 84' lang='lat' dir='ltr'>L.</span> <span class='ocrx_word' id='word_1_339' title='bbox 382 4104 432 4173; x_wconf 89' lang='lat' dir='ltr'>VI,</span> <span class='ocrx_word' id='word_1_340' title='bbox 451 4109 467 4159; x_wconf 85' lang='lat'><strong>2</strong></span> <span class='ocrx_word' id='word_1_341' title='bbox 486 4145 512 4158; x_wconf 92' lang='lat'>..</span> <span class='ocrx_word' id='word_1_342' title='bbox 536 4109 651 4180; x_wconf 81' lang='grc' dir='ltr'><strong><em>κατῆρξε</em></strong></span> <span class='ocrx_word' id='word_1_343' title='bbox 673 4108 782 4177; x_wconf 79' lang='grc' dir='ltr'><strong><em>πρῶτος</em></strong></span> <span class='ocrx_word' id='word_1_344' title='bbox 801 4107 853 4159; x_wconf 81' lang='grc' dir='ltr'>τοῦ</span> <span class='ocrx_word' id='word_1_345' title='bbox 878 4107 1022 4176; x_wconf 83' lang='grc' dir='ltr'><strong><em>κυνισμοῦ.</em></strong></span> <span class='ocrx_word' id='word_1_346' title='bbox 1069 4105 1108 4160; x_wconf 82' lang='lat' dir='ltr'>Cf.</span> <span class='ocrx_word' id='word_1_347' title='bbox 1127 4105 1178 4175; x_wconf 88' lang='lat' dir='ltr'>VI,</span> <span class='ocrx_word' id='word_1_348' title='bbox 1198 4108 1238 4162; x_wconf 78' lang='lat'>15.</span> <span class='ocrx_word' id='word_1_349' title='bbox 1259 4110 1303 4173; x_wconf 83' lang='lat'>193</span> 
     </span>
     <span class='ocr_line' id='line_1_41' title="bbox 123 4187 1305 4261; baseline 0.005 -20"><span class='ocrx_word' id='word_1_350' title='bbox 123 4189 144 4256; x_wconf 93' lang='lat' dir='ltr'>l,</span> <span class='ocrx_word' id='word_1_351' title='bbox 164 4190 204 4241; x_wconf 90' lang='lat'>19.</span> <span class='ocrx_word' id='word_1_352' title='bbox 222 4217 255 4226; x_wconf 97' lang='lat'>—</span> <span class='ocrx_word' id='word_1_353' title='bbox 274 4187 327 4242; x_wconf 92' lang='lat' dir='ltr'>Cic.</span> <span class='ocrx_word' id='word_1_354' title='bbox 345 4189 386 4242; x_wconf 91' lang='lat' dir='ltr'>De</span> <span class='ocrx_word' id='word_1_355' title='bbox 405 4188 479 4242; x_wconf 84' lang='lat' dir='ltr'>Orat</span> <span class='ocrx_word' id='word_1_356' title='bbox 495 4190 548 4260; x_wconf 92' lang='lat' dir='ltr'>III,</span> <span class='ocrx_word' id='word_1_357' title='bbox 568 4194 600 4244; x_wconf 90' lang='lat'>17</span> <span class='ocrx_word' id='word_1_358' title='bbox 624 4191 675 4259; x_wconf 87' lang='lat' dir='ltr'>„ab</span> <span class='ocrx_word' id='word_1_359' title='bbox 692 4190 853 4246; x_wconf 88' lang='lat' dir='ltr'>Antisthene</span> <span class='ocrx_word' id='word_1_360' title='bbox 876 4232 882 4245; x_wconf 94' lang='lat'>.</span> <span class='ocrx_word' id='word_1_361' title='bbox 902 4230 908 4243; x_wconf 94' lang='lat'>.</span> <span class='ocrx_word' id='word_1_362' title='bbox 927 4231 934 4245; x_wconf 97' lang='lat'>.</span> <span class='ocrx_word' id='word_1_363' title='bbox 953 4190 1045 4261; x_wconf 89' lang='lat' dir='ltr'>Cynici</span> <span class='ocrx_word' id='word_1_364' title='bbox 1062 4191 1191 4260; x_wconf 86' lang='lat' dir='ltr'>primum,</span> <span class='ocrx_word' id='word_1_365' title='bbox 1210 4191 1305 4248; x_wconf 88' lang='lat' dir='ltr'>deinde</span> 
     </span>
     <span class='ocr_line' id='line_1_42' title="bbox 125 4271 1179 4348; baseline 0.003 -21"><span class='ocrx_word' id='word_1_366' title='bbox 125 4272 239 4327; x_wconf 86' lang='lat' dir='ltr'>Stoici.“</span> <span class='ocrx_word' id='word_1_367' title='bbox 257 4303 289 4312; x_wconf 94' lang='lat'>-</span> <span class='ocrx_word' id='word_1_368' title='bbox 310 4273 387 4327; x_wconf 85' lang='lat' dir='ltr'>Suid.</span> <span class='ocrx_word' id='word_1_369' title='bbox 412 4290 433 4328; x_wconf 90' lang='lat' dir='ltr'>s.</span> <span class='ocrx_word' id='word_1_370' title='bbox 452 4292 475 4328; x_wconf 85' lang='grc' dir='ltr'>τ.</span> <span class='ocrx_word' id='word_1_371' title='bbox 492 4273 563 4332; x_wconf 84' lang='grc' dir='ltr'><strong><em>Ἀντ.</em></strong></span> <span class='ocrx_word' id='word_1_372' title='bbox 584 4314 603 4342; x_wconf 89' lang='grc'>,,</span> <span class='ocrx_word' id='word_1_373' title='bbox 611 4277 656 4342; x_wconf 82' lang='grc' dir='ltr'>τῆς</span> <span class='ocrx_word' id='word_1_374' title='bbox 672 4278 794 4342; x_wconf 77' lang='grc' dir='ltr'><strong><em>Κυνικῆς</em></strong></span> <span class='ocrx_word' id='word_1_375' title='bbox 812 4271 962 4348; x_wconf 78' lang='grc' dir='ltr'><strong><em>κατήρξατο</em></strong></span> <span class='ocrx_word' id='word_1_376' title='bbox 981 4278 1179 4348; x_wconf 57' lang='lat' dir='ltr'>palaceolum·</span> 
     </span>
    </p>
   </div>
   <div class='ocr_carea' id='block_1_4' title="bbox 0 0 1438 4996">
    <p class='ocr_par' dir='ltr' id='par_1_13' title="bbox 0 0 1438 4996">
     <span class='ocr_line' id='line_1_43' title="bbox 0 0 1438 4996; baseline 0 1"><span class='ocrx_word' id='word_1_377' title='bbox 0 0 1438 4996; x_wconf 95' lang='lat' dir='ltr'> </span> 
     </span>
    </p>
   </div>
  </div>
 </body>
</html>
