2866 4996
632 284 786 379 „⁵3-

121 486 209 529 unum
239 470 274 529 de
302 470 493 529 sectatoribus
515 470 655 530 Heracliti
683 470 785 543 fuisse,
816 471 865 543 qui
887 470 1018 529 Platonis
1040 476 1136 530 aetate
1157 471 1188 528 in
1210 470 1305 528 Jonia

124 569 330 647 floruerunt¹).

209 675 241 748 3)
263 673 408 746 Diogenes
430 673 565 732 Laertius
587 673 649 746 (VI,
676 672 727 750 19)
751 674 877 733 secundo
899 675 962 732 loco
978 675 1138 747 Ephesium
1154 673 1304 745 quendam

124 775 327 834 Antisthenen
354 781 571 847 commemorat,
602 776 637 835 de
660 792 717 848 quo
742 775 813 834 nihil
836 783 958 834 constat.
1002 777 1066 834 Nisi
1094 774 1169 832 torte
1191 775 1303 847 Dioge·

125 894 189 935 nem
217 877 325 935 erroris
353 892 457 949 arguas
480 882 510 934 et
530 878 612 935 illum
633 878 830 936 Heracliteum
852 878 889 937 ab
912 878 1039 951 Ephesio
1063 894 1120 935 non
1144 877 1302 947 diversum,

124 979 265 1038 Heracliti
286 978 375 1050 igitur
397 978 512 1050 Epheso
534 978 650 1037 oriundi
671 980 841 1052 popularem
862 978 949 1037 luisse
972 978 1128 1038 existimes.

212 1080 244 1156 4)
272 1081 401 1138 Tertium
422 1080 517 1138 locum
538 1079 616 1153 apud
637 1080 796 1153 Diogenem
818 1086 898 1138 tenet
919 1080 1049 1138 Rhodius
1071 1079 1188 1153 quidam
1210 1079 1304 1136 histo-

128 1183 216 1240 ricus.
261 1181 399 1253 Ejusdem
421 1198 480 1239 una
501 1199 565 1239 cum
579 1183 694 1240 Zenone
709 1182 822 1242 Rhodio
845 1183 1018 1240 mentionem
1034 1181 1104 1241 lacit
1118 1180 1304 1256 Polybius²),

127 1292 282 1355 utrumque
305 1283 402 1341 dicens
424 1283 454 1339 in
476 1282 656 1341 Rhodiorum
678 1284 828 1357 republica
849 1289 993 1342 versatum
1010 1285 1114 1342 aetatis
1127 1299 1195 1343 suae
1212 1285 1304 1357 scrip·

128 1386 199 1443 sisse
230 1384 389 1442 historiam.
443 1385 502 1442 Eos
537 1401 561 1442 c.
593 1402 699 1443 annum
733 1388 795 1444 200
826 1403 853 1444 a.
883 1386 951 1443 Chr.
986 1401 1014 1442 n.
1043 1382 1175 1443 floruisse
1204 1402 1241 1444 ex
1268 1386 1306 1443 iis

130 1490 266 1559 apparet,
296 1502 369 1558 quae
396 1485 446 1544 ille
474 1502 524 1544 eos
546 1491 686 1545 tractasse
713 1486 813 1545 tradit.
857 1487 1002 1546 Proelium
1031 1488 1107 1544 enim
1134 1487 1238 1545 navale
1267 1486 1305 1544 ad

129 1589 230 1647 Laden
255 1588 444 1659 commissum,
469 1604 525 1660 quo
546 1588 652 1646 Rhodii
674 1605 692 1646 a
709 1588 843 1661 Philippo
859 1588 1048 1647 Macedoniae
1069 1605 1138 1660 rege
1153 1589 1222 1647 victi
1238 1593 1307 1647 sunt

135 1689 232 1766 (203),
255 1694 285 1747 et
299 1689 423 1747 Nabidis
444 1689 560 1761 tyranni
574 1695 674 1747 contra
689 1691 848 1748 Messenios
865 1690 1078 1762 expeditionem
1093 1689 1105 1765 (
1107 1689 1181 1766 202)
1204 1705 1307 1747 narra·

130 1796 241 1851 verant.
265 1824 308 1833 —
336 1789 538 1849 Antisthenem
564 1808 633 1850 vero
662 1792 805 1863 quendam
832 1792 1122 1863 Peripateticum
1151 1790 1308 1864 depugna

131 1893 168 1951 ad
190 1893 397 1965 Thermopylas
417 1891 503 1963 lacta,
526 1909 584 1965 qua
605 1892 717 1951 Acilius
739 1892 858 1952 Glabrio
873 1892 1048 1951 Antiochum
1062 1893 1202 1965 Magnum
1222 1890 1306 1965 iuga-

133 1994 175 2052 rit
196 1993 294 2071 (191),
317 1995 466 2066 scripsisse
489 1994 619 2067 Phlegon
641 2001 742 2053 auctor
763 1992 851 2069 est⁸).
895 1995 1000 2053 Nonne
1023 1993 1178 2053 admodum
1199 1993 1307 2066 proba·

132 2095 191 2154 bile
220 2101 280 2166 est,
309 2095 385 2154 hunc
406 2097 632 2168 Peripateticum
654 2096 691 2154 ab
713 2097 851 2155 historico
872 2096 922 2155 illo
944 2096 1059 2156 Rhodio
1081 2112 1138 2153 nou
1161 2095 1309 2154 diversum

134 2195 216 2256 esse?
273 2195 425 2272 Suidam⁴)
458 2203 571 2268 autem,
607 2199 657 2269 qui
684 2198 776 2270 ipsum
804 2198 981 2256 Socraticum
1009 2199 1102 2271 primo
1130 2198 1309 2271 appellatum

134 2315 196 2357 esse
223 2298 294 2356 dicit
320 2297 562 2371 Peripateticum,
591 2317 689 2359 errare
717 2305 849 2372 apertum
877 2305 930 2358 est.
975 2301 1050 2359 Nam
1071 2317 1155 2360 nemo
1177 2305 1310 2358 veterum

132 2400 187 2459 hoc
208 2415 365 2472 cognomen
376 2400 543 2460 Antistheni
565 2403 682 2474 tribuit,
706 2418 799 2475 neque
821 2402 965 2460 assentior
980 2402 1162 2461 Bernhardio
1184 2401 1311 2460 remita

134 2501 271 2575 expedire
294 2502 425 2574 conanti,
448 2508 481 2561 ut
495 2503 696 2562 Antisthenen
718 2504 863 2576 „clamosa
885 2503 1009 2577 quadam
1030 2505 1187 2562 ambitione
1204 2503 1311 2563 disser-

133 2604 214 2663 tandi
237 2597 443 2676 περιπατητικοῦ
464 2605 493 2663 h.
506 2623 531 2664 e.
555 2605 744 2679 disputatoris
758 2622 863 2664 nomen
878 2607 1100 2665 commeruisse“
1115 2607 1200 2676 velit3
1222 2605 1311 2663 immo

135 2721 204 2764 vero
226 2722 291 2764 cum
305 2706 406 2765 Jonsio
416 2704 443 2783 ⁵)
466 2709 650 2767 statuendum
671 2724 734 2767 esse
757 2707 894 2780 arbitror,
917 2707 1034 2766 suidam
1050 2708 1227 2766 Socraticum
1246 2724 1312 2765 cum

135 2809 329 2881 Peripatetico
365 2807 528 2868 confudisse
561 2814 591 2867 et
623 2826 659 2867 ex
695 2810 808 2868 duobus
836 2826 929 2867 unum
963 2807 1064 2868 fecisse
1097 2807 1311 2867 Antisthenem.

136 2909 233 2968 Aliam
260 2926 322 2967 rem
344 2909 448 2967 Suidas
474 2911 588 2983 ipsein
612 2910 700 2970 dubio
722 2911 871 2983 relinquit.
916 2910 1017 2970 Tradit
1039 2912 1129 2982 enim,
1158 2910 1312 2969 Antisthe-

135 3027 201 3070 uem
231 3009 356 3068 edidisse
384 3010 505 3083 librum,
535 3013 584 3084 qui
606 3012 814 3072 inscriberetur
837 3009 970 3086 Μαγικός,
996 3013 1027 3070 in
1056 3029 1149 3086 eoque
1177 3027 1313 3070 exorsum

137 3128 200 3171 esse
227 3113 436 3186 aZorcastre;
465 3113 546 3173 addit
573 3119 685 3186 tamen,
713 3115 792 3173 hunc
819 3115 926 3175 librum
948 3115 1020 3172 alios
1041 3113 1210 3186 Aristoteli,
1239 3113 1313 3172 alios

139 3209 242 3271 'Pictum
271 3213 446 3274 adscribere.
491 3216 548 3275 Sed
575 3233 669 3290 neque
690 3216 858 3275 Aristotelis
901 3221 954 3287 est,
978 3217 1024 3275 cui
1046 3231 1064 3274 a
1085 3216 1179 3273 Plinio
1190 3212 1216 3291 ⁸)
1240 3231 1311 3289 qno·

140 3333 195 3390 que
218 3321 248 3375 et
268 3315 398 3389 Diogene
420 3317 538 3377 Laertio
549 3315 575 3393 1)
603 3316 675 3376 falso
704 3319 857 3392 tribuitur,
890 3335 984 3391 neque
1005 3317 1203 3389 Antisthenis,
1231 3317 1313 3391 cujus

207 3549 232 3619 1)
249 3549 319 3604 Plat.
339 3548 448 3603 Thesei.
471 3565 498 3618 p.
519 3551 567 3603 179
586 3549 619 3602 D.
638 3565 679 3618 sq.
696 3579 729 3588 —
757 3549 791 3604 cl.
813 3549 932 3604 Krischii
958 3549 1065 3617 Quaest.
1089 3549 1121 3604 de
1146 3548 1211 3617 phil.
1231 3549 1314 3617 antiq.

139 3650 167 3703 p.
185 3637 243 3689 238.
261 3636 321 3688 239.

208 3738 235 3804 2)
252 3736 325 3805 XVI,
345 3739 377 3791 14
394 3752 433 3805 sq.
454 3770 483 3780 -
503 3736 537 3792 cf.
556 3735 669 3791 Clinton.
687 3736 750 3791 fast.
769 3736 838 3792 Hell.
857 3735 891 3790 ad
909 3752 932 3791 a.
952 3740 1002 3791 198
1019 3753 1043 3792 a.
1063 3736 1123 3791 Chr.
1142 3752 1168 3791 n.

211 3839 236 3908 9)
254 3839 295 3892 De
312 3838 429 3893 Mirabil.
448 3855 470 3893 c.
489 3842 513 3893 3.
531 3839 588 3893 init.

208 3939 234 4008 4)
253 3956 274 3995 s.
284 3958 309 3994 v.
325 3939 445 3996 ummo.
464 3938 558 4008 „dum
572 3938 782 4014 περιπατητικὸς
795 3935 897 4010 ἐκλήθη
912 3945 1033 4015 πρῶτον,
1050 3942 1105 3997 εἶτα
1117 3941 1273 4000 ἐκύνισεν“.
1282 3970 1317 3981 -

211 4041 236 4110 5)
254 4043 295 4097 De
314 4043 435 4111 scriptor.
453 4042 546 4098 histor.
564 4041 630 4112 phil.
648 4041 694 4096 lib.
713 4042 734 4096 I.
752 4058 778 4110 p.
796 4044 838 4096 46.

212 4144 237 4213 6)
255 4143 354 4199 Histor.
373 4150 427 4201 nat.
445 4144 530 4215 XXX,
550 4149 573 4199 1.

211 4246 237 4318 7)
254 4245 375 4301 Prooem.
395 4250 408 4300 1
427 4253 454 4302 et
471 4249 495 4302 8.
