2866 4996
625 280 779 376 —35-

115 468 158 527 tio
184 467 223 527 ad
249 467 316 526 illos
342 468 473 528 homiues
500 469 675 542 pertineret,
713 469 763 542 qui
789 485 843 543 pro
871 469 935 528 aliis
969 469 1115 529 orationes
1139 467 1291 544 judiciales

117 568 359 629 conscribebant?
400 571 491 629 Immo
513 587 583 630 vero
605 577 656 630 aut
677 571 831 645 singularis
856 571 880 629 is
908 571 1010 631 titulus
1031 577 1084 645 est,
1109 571 1140 649 5)
1162 565 1292 648 περὶτῶν

115 667 296 748 δικογράφων,
316 676 381 744 aut,
415 672 446 730 id
468 672 545 746 quod
571 673 715 746 Sauppius
736 674 902 747 proposuit,
937 690 1000 732 cum
1022 690 1056 733 eo
1085 674 1135 746 qui
1160 673 1293 747 sequitur

116 770 251 851 ἶσομροφη
273 766 291 846 ἢ
313 777 417 840 Λυσίας
438 775 483 832 καὶ
497 771 650 850 Ἰσοκράτης
670 776 713 835 ita
735 774 967 850 conjungendUS,
997 781 1030 835 ut
1051 781 1184 849 suspecto
1206 792 1291 836 vocil-

115 879 184 938 bulo
206 873 344 954 ῖοομροοὴ
366 877 462 938 deleto
485 877 643 938 scribatur:

201 981 232 1059 5)
260 981 335 1057 περὶ
361 982 423 1037 τῶν
448 976 659 1056 δικογράφων
684 975 851 1052 ἢ.Λυσίας
880 980 937 1036 καὶ
964 974 1166 1056 Ἰσοκράτης
1209 980 1292 1040 Tstd·

115 1086 174 1143 lum
202 1085 257 1145 boc
290 1083 375 1143 modo
403 1084 591 1144 coustitutum
618 1085 726 1158 optime
760 1099 791 1142 se
818 1082 942 1154 babere,
979 1080 1063 1143 facile
1094 1084 1292 1156 uuusquisque

115 1187 262 1247 concedet.
319 1187 522 1248 antisthenem
549 1189 625 1248 enim
653 1202 688 1247 eo
721 1186 797 1245 libro
825 1189 855 1243 et
881 1185 1053 1259 Isocratem,
1086 1201 1209 1258 quocum
1236 1186 1292 1244 ini·

114 1290 237 1349 micitias
265 1307 329 1349 eum
357 1292 519 1350 exercuisse
547 1287 670 1365 supra¹)
698 1288 931 1360 commemoravi,
965 1294 995 1347 et
1021 1288 1139 1362 Lysiam
1173 1294 1294 1362 propter

113 1398 279 1466 quaestum,
310 1410 395 1467 quem
429 1394 460 1452 in
489 1390 704 1452 conscribendis
731 1391 912 1450 orationibus
940 1389 1101 1464 iaciebant,
1130 1392 1293 1465 exagitasse

114 1495 244 1568 conjicio.
288 1496 469 1556 Vocabulum
491 1500 588 1555 autem
610 1488 745 1567 ῖοονραφὴ
768 1510 862 1566 neque
884 1509 1005 1566 usquam
1027 1492 1107 1565 alibi,
1138 1491 1217 1567 quod
1239 1507 1293 1566 ego

115 1597 218 1670 sciam,
245 1599 394 1671 reperitur
420 1603 450 1657 et
478 1613 514 1656 ex
541 1596 689 1656 vocabulis
716 1592 885 1670 δικογράφων
907 1600 936 1654 et
957 1590 1106 1671 Ἰσοκράτης
1127 1597 1201 1656 male
1224 1611 1291 1654 con·

116 1696 186 1757 fusis
208 1705 304 1758 ortum
326 1716 389 1759 esse
411 1700 536 1759 videtur.
581 1698 769 1758 Foedissimis
792 1698 868 1757 enim
889 1696 1075 1758 librariorum
1096 1699 1208 1759 mendis
1222 1698 1293 1756 Dio·

116 1817 217 1873 genem
238 1801 467 1875 refertumesse,
491 1802 538 1860 hic
559 1801 621 1874 ipse
644 1801 745 1860 titulus
764 1802 871 1861 iterum
893 1799 1081 1874 demonstrat,
1105 1801 1154 1874 qui
1175 1802 1294 1874 insuper

115 1905 295 1964 notissimum
322 1906 427 1979 Lysiae
456 1920 560 1963 nomen
587 1908 730 1963 mutatum
757 1904 846 1963 babet
871 1905 902 1961 in
924 1905 1030 1968 Δεοίας.
1081 1904 1183 1976 ltaque
1204 1904 1295 1963 miror

115 2003 254 2081 profecto,
276 2008 355 2081 quod
368 2007 529 2080 Deycksius
538 2004 564 2083 ²)
580 2007 711 2079 neglecta
724 2006 941 2080 Wyttenbachii
962 2005 1177 2066 evidentissima
1198 2022 1295 2064 emen·

119 2107 235 2169 datione
257 2110 406 2184 vulgarem
428 2109 582 2169 lectionem
604 2105 740 2184 ἷσομροφῆ
761 2096 778 2179 ἦ
799 2108 897 2174 Λεσάος
918 2108 935 2179 ἢ
957 2106 1108 2185 Ἰσοκράτης
1128 2109 1171 2168 ita
1191 2123 1294 2167 sanare

116 2212 170 2271 sibi
198 2191 277 2272 usus
307 2218 367 2286 est,
405 2218 437 2271 ut
464 2228 529 2270 eum
557 2213 674 2270 titulum
707 2213 756 2285 qui
789 2213 920 2286 sequitur
951 2212 1111 2286 adjungens
1138 2212 1292 2271 scriberet:

115 2316 334 2390 Λικογραφάα
358 2312 518 2380 αἰδέσεως
544 2305 563 2385 ἢ
586 2309 753 2393 Ἰσοκράτης,
781 2311 848 2391 πρός
867 2309 914 2372 τὸν
939 2308 1105 2390 Ἰσοκράτους
1130 2309 1293 2389 άμάρτυρον,

117 2416 195 2490 quod
221 2433 279 2476 uon
306 2416 406 2490 facile,
435 2422 468 2476 ut
494 2417 613 2491 opinor,
648 2419 782 2491 cuiquam
808 2418 955 2493 probabit.
1009 2418 1085 2476 Nam
1111 2432 1165 2475 uec
1190 2416 1293 2490 liquet,

117 2517 187 2592 quid
208 2520 264 2579 sibi
290 2521 361 2580 velit
386 2519 548 2597 daxoypcpic
570 2517 704 2596 cidebeor,
735 2526 764 2580 et
790 2519 821 2579 id
842 2522 937 2580 minus
962 2525 1041 2579 recte
1064 2519 1228 2593 suspicatur
1248 2519 1294 2578 vir

117 2620 307 2694 doctissimus,
329 2622 532 2683 Antistbeuem
555 2639 588 2682 eo
610 2623 685 2682 libro
707 2624 911 2696 perstrinxisse
932 2622 1069 2682 Isocratis
1083 2621 1294 2680 Laudationem

116 2722 259 2797 Helenae,
295 2741 381 2798 quam
408 2726 459 2784 illa
492 2742 620 2799 „parurn
655 2730 778 2785 testatae
811 2727 951 2785 orationis
984 2724 1178 2799 appellatione
1206 2722 1294 2798 signi·

117 2824 197 2884 ficari
205 2828 223 2858 ‘⁴
245 2832 338 2900 putat.
383 2826 440 2886 Sed
461 2827 493 2886 id
514 2828 601 2888 aliter
622 2844 653 2887 se
674 2827 783 2888 habere
804 2826 882 2887 infra
903 2845 1088 2903 exponemus.
1124 2828 1187 2887 Nec
1208 2826 1294 2900 plane

117 2927 246 3002 intelligo
268 2929 501 2990 Winclrelmanni
524 2931 696 2990 sententiam
716 2947 745 3004 p.
771 2934 812 2989 12
833 2932 999 2991 cunctantis
1020 2930 1143 2990 haecce:
1188 2927 1295 3003 „Infra

117 3046 181 3089 cum
210 3037 347 3105 corrupta
374 3033 433 3091 sint
462 3033 553 3093 verba
580 3032 639 3109 περὶ
665 3034 736 3100 νίκης
764 3027 940 3110 οἰκονομικός,
974 3034 1072 3093 malim
1097 3034 1145 3093 hic
1167 3033 1294 3093 scribere

116 3122 274 3209 ἆντιμραφη.
318 3137 422 3201 Λυσίας
446 3126 464 3206 ἢ
492 3132 644 3213 Ἰσοκράτης
678 3131 744 3214 πράς
772 3131 818 3194 τὸν
845 3132 1016 3212 Ἰσοκράτους
1037 3133 1200 3213 Ἀμάρτυρον
1226 3131 1293 3212 άκὲρ

119 3238 251 3297 Νικὶοο.“
295 3239 469 3300 Emendatio
498 3241 614 3313 quidem
642 3232 792 3318 ἆνκηροφὴ
819 3257 923 3315 perse
945 3240 1024 3300 haud
1051 3240 1213 3314 spernenda
1240 3244 1294 3299 est.

117 3340 174 3402 Sed
195 3343 320 3415 primum
342 3360 416 3417 quac
438 3342 555 3403 tandem
576 3344 652 3402 ratio
679 3343 834 3403 intercedit
858 3345 936 3403 inter
962 3344 1012 3402 illa
1033 3343 1124 3403 verba
1145 3342 1203 3419 περὶ
1224 3344 1294 3412 νίκης

118 3439 280 3518 οἰκονομικοῖς
305 3450 335 3504 et
363 3446 440 3505 bunc
465 3446 602 3506 titulum?
644 3445 757 3505 Deinde
784 3446 877 3519 maior
897 3445 1092 3519 interpunctio
1122 3450 1188 3519 post
1208 3461 1293 3504 voca·

116 3548 215 3607 bulum
244 3540 395 3623 άνκιγροφῆ
420 3549 451 3607 in
477 3566 535 3609 uno
563 3548 721 3621 eodemque
742 3548 827 3606 titulo
850 3547 992 3621 displicet.
1036 3548 1169 3621 Denique
1190 3562 1293 3621 parum

117 3650 268 3724 probabile
294 3655 352 3724 est,
394 3650 596 3711 Antisthenen
625 3666 659 3710 eo
688 3650 779 3723 libro,
823 3664 909 3722 quem
936 3656 1038 3709 contm
1064 3650 1200 3709 Isocratis
1227 3665 1293 3709 ora·

116 3753 224 3811 tionem
245 3752 391 3825 quandam
420 3754 546 3828 scripsit,
576 3757 693 3827 praeter
714 3751 870 3811 Isocratem
898 3752 986 3810 etiam
1007 3752 1124 3825 Lysiam
1152 3752 1292 3825 attigisse.

116 3855 219 3928 ltaque
249 3856 351 3915 ultima
378 3857 468 3917 verba
501 3853 677 3929 sejungenda
706 3870 867 3928 novumque
894 3854 1011 3914 titulum
1039 3852 1201 3914 faciendum
1231 3869 1293 3915 esse

117 3971 235 4017 censeo:

189 4192 213 4261 l)
231 4208 258 4260 p.
278 4192 318 4245 18.

184 4276 246 4347 2)1.
265 4275 283 4332 l.
300 4292 328 4345 p.
348 4277 387 4345 12,
405 4277 430 4328 2.
