2866 4996
208 474 299 546 Quam
328 489 415 545 aegre
449 469 638 533 Antisthenes
665 471 836 546 supplicium
865 472 997 546 magistri
1023 471 1164 531 canusium
1191 472 1304 551 tulerit,

123 575 207 637 facile
235 575 380 650 conjicias.
431 574 516 634 Plato
543 592 608 634 eum
634 574 804 634 nominatim
829 575 907 634 inter
932 590 983 634 eos
1004 579 1222 646 commemorat,
1252 575 1305 648 qul

124 679 250 738 Socratis
277 677 457 738 sermonibus
483 675 678 738 interfuerunt
705 693 741 736 eo
769 677 830 749 die,
861 693 918 750 quo
946 676 1080 737 exhausit
1106 677 1178 737 illud
1200 677 1303 737 mortis

122 779 301 857 poculum).
357 779 534 840 Gravissimo
562 785 658 840 auum
685 779 752 840 odio
780 785 962 840 accusatores
983 780 1111 840 Socratis
1132 785 1304 853 persecutus

123 888 182 956 est,
219 883 307 942 immo
333 883 483 941 interitum
519 882 556 940 iis
591 882 722 942 attulisse
754 883 962 941 existimandus
990 887 1080 955 esset,
1118 883 1143 940 si
1175 881 1302 956 Diogeni

123 985 242 1046 Laertio
264 983 336 1044 fides
357 985 459 1045 haberi
486 990 584 1058 posset
611 984 742 1044 narranti
754 982 797 1062 ²),
825 983 1028 1044 Antisthenen
1049 990 1080 1044 et
1100 983 1198 1058 Anyto
1221 983 1303 1043 exilii

122 1092 153 1148 et
173 1086 283 1147 Melete
305 1087 406 1145 mortis
427 1091 575 1146 auctorem
597 1085 686 1146 inleso
707 1086 809 1147 videri.
858 1085 903 1146 Ac
924 1086 962 1146 de
976 1086 1086 1146 Melete
1108 1086 1225 1160 quidem
1246 1085 1304 1146 hoc

121 1190 185 1249 loco
207 1188 279 1248 nihil
300 1186 433 1266 addit⁸);
466 1188 502 1247 dc
530 1186 628 1261 Anyto
656 1194 753 1248 autem
775 1194 889 1261 narrat,
918 1187 1136 1258 Antisthenen,
1166 1206 1232 1248 oum
1253 1205 1302 1248 oc·

123 1290 262 1351 currisset
288 1289 417 1349 Ponticis
446 1289 619 1362 quibusdam
644 1289 877 1350 adolescentibus
898 1290 1025 1350 somatis
1047 1290 1184 1350 audiendi
1214 1306 1303 1350 cauea

122 1392 253 1452 Athenas
280 1389 432 1466 proiectis,
467 1389 505 1449 ad
530 1390 611 1449 illum
633 1407 683 1450 eos
705 1391 874 1464 deduxisse,
904 1391 1014 1450 scilicet
1035 1391 1113 1465 quod
1141 1391 1302 1465 sapientior

123 1498 199 1553 esset
227 1493 360 1564 Socrate;
394 1498 456 1552 tum
490 1508 559 1552 vero
586 1509 636 1551 eos
671 1493 721 1565 qui
754 1493 976 1554 circumstarent
1002 1492 1033 1550 id
1064 1492 1230 1567 indignatos
1259 1510 1297 1552 ex

122 1595 195 1655 urbe
222 1595 366 1668 expulisse
392 1592 564 1671 Anytum⁴).
608 1594 666 1654 Sed
692 1611 730 1654 ne
756 1595 788 1653 in
814 1594 900 1654 exilio
933 1593 1050 1667 quidem
1072 1596 1167 1669 justas
1192 1612 1303 1670 poenas

123 1697 258 1771 effugisse
287 1695 389 1756 fertur.
438 1695 530 1755 Iidem
558 1696 635 1755 enim
662 1696 705 1754 illi
731 1695 928 1755 adolescentes
955 1713 1020 1756 cum
1048 1697 1080 1756 in
1106 1698 1232 1772 patriam
1253 1716 1301 1758 re·

123 1799 246 1871 dissent,
270 1803 382 1858 tantum
403 1797 508 1858 civium
530 1815 648 1858 suorum
669 1798 768 1858 odium
788 1798 820 1857 in
841 1798 970 1873 Annum
992 1800 1133 1860 excitasse
1154 1800 1302 1874 videntur,

122 1907 156 1960 ut
177 1900 278 1960 codem
299 1900 361 1973 die,
397 1917 454 1974 quo
476 1901 543 1960 exul
564 1900 737 1961 Heracleam
759 1901 910 1961 Ponticam
936 1901 1031 1974 veuit,
1065 1902 1138 1961 urbe
1160 1901 1303 1961 excedere

119 2003 273 2077 iuberetur
281 2000 308 2079 ⁸)
329 2008 360 2063 et
380 2003 418 2062 ab
439 2004 621 2064 Heracleotis
642 2003 756 2077 injectis
777 2003 924 2078 lapidibus
944 2001 1144 2081 necaretur‘).

208 2104 343 2164 Ceterum
376 2105 491 2165 edentio
522 2105 685 2179 praeterire
718 2121 776 2165 non
814 2121 947 2179 possum,
980 2104 1302 2185 Forchhammerum'),

126 2275 329 2288 ...-.----

193 2373 217 2440 ι)
234 2370 333 2426 esau.
351 2373 385 2425 ss
403 2370 434 2424 n.

191 2473 329 2543 2)VI,9.
350 2476 389 2528 10.
414 2470 496 2533 αὐτὸς
519 2475 567 2527 καὶ
586 2470 685 2542 Ἀνύτῳ
706 2475 753 2539 τῆς
775 2475 868 2545 φυγῆς
893 2476 979 2534 αἴτιος
1001 2475 1134 2545 γενέσθαι
1158 2475 1302 2531 δοκεῖκαὶ

123 2554 242 2628 Μελήτῳ
259 2562 308 2613 τοῦ
326 2555 457 2616 θανάτου.
480 2564 627 2619 Ποντικοῖς
642 2557 695 2631 γάρ
713 2562 869 2618 νεανίσκοις
886 2557 955 2613 κατὰ
973 2560 1050 2619 κλέος
1067 2563 1116 2614 τοῦ
1133 2557 1301 2631 Σωκράτους

123 2644 290 2717 ἀφιγμένοις
310 2641 464 2718 περιτυχών
487 2640 632 2714 ἀπήγαγεν
653 2641 753 2704 αὐτοὺς
775 2641 845 2715 πρὸς
868 2641 917 2700 τὸν
934 2639 1050 2702 Ἄνυτον
1072 2642 1158 2701 ελτιών
1180 2644 1211 2701 έν
1236 2641 1301 2712 ἤθει

123 2726 284 2803 σοφώτερον
301 2729 374 2785 είναι
385 2731 434 2782 τοῦ
443 2725 622 2801 Σωκράτους·
640 2729 687 2800 ἐφ’
705 2717 728 2799 ᾧ
745 2725 1022 2798 διαγανακτήσαντας
1037 2727 1101 2790 τοὺς
1116 2734 1301 2803 περιεστῶτας

123 2814 253 2877 ἐκδιῶξαι
271 2810 365 2870 αὐτόν.

193 2918 226 2986 3)
236 2916 298 2972 Alio
316 2918 375 2971 loco
393 2916 437 2986 (11,
455 2916 499 2984 la)
517 2931 578 2971 eum
595 2914 714 2985 legitimo
731 2916 936 2971 Atheniensium
950 2916 1052 2986 judicio
1069 2917 1223 2972 damnatum
1241 2934 1301 2974 esse

126 3002 268 3072 significat.
302 3001 342 3056 Ol.
361 3000 502 3056 Themistii
520 3000 593 3056 Orat.
610 2999 663 3056 XX
679 3019 706 3071 p.
725 3004 776 3056 239
795 3002 823 3056 C.
852 3002 948 3058 Suidae
966 3008 1055 3058 autem
1073 3003 1103 3072 (e.
1121 3020 1145 3058 v.
1164 3005 1301 3075 Μέλητος)

123 3104 185 3145 eum
202 3088 291 3143 subito
308 3087 396 3157 plebis
418 3087 535 3143 tumultu
557 3087 662 3156 perisse
683 3087 784 3142 indicat
804 3087 849 3157 (cf.
866 3088 1008 3158 Augustin.
1027 3088 1068 3143 De
1086 3088 1139 3143 (liv.
1158 3088 1208 3143 Dei
1226 3089 1300 3159 VIII,

123 3175 163 3244 3),
187 3174 215 3229 id
240 3172 311 3242 quod
328 3173 461 3227 Diodorus
486 3173 568 3242 (XIV,
595 3175 638 3244 37)
660 3174 693 3229 de
715 3173 838 3228 omnibus
856 3174 1055 3230 accusatoribus
1078 3174 1221 3229 memoriae
1238 3191 1301 3244 pro-

122 3260 197 3315 didit
231 3259 353 3328 Denique
371 3258 532 3313 Plutarchus
551 3274 597 3313 eos
620 3259 670 3314 sibi
693 3259 767 3327 ipsos
785 3264 897 3314 mortem
914 3261 1073 3316 conscivisse
1090 3260 1222 3330 perhibet.
1250 3261 1301 3329 (De

122 3344 205 3401 Invid.
224 3361 247 3399 c.
266 3347 282 3400 6
299 3360 326 3413 p.
344 3345 395 3398 538
412 3343 454 3413 A).
480 3375 515 3383 —
541 3343 580 3398 cf.
599 3344 627 3399 0.
645 3344 691 3400 Fr.
709 3343 855 3399 Hermanni
872 3345 925 3400 iud
942 3345 1004 3401 lect
1023 3346 1141 3414 Gotting.
1161 3347 1227 3417 1853⁴
1250 3345 1301 3415 (De

124 3431 227 3486 Socrat.
248 3428 458 3498 accusatoribus)
487 3446 514 3499 p.
532 3432 549 3484 8
569 3446 624 3501 sq.;
656 3434 686 3484 ll
711 3447 765 3501 τα,
799 3431 845 3501 qui
871 3431 975 3488 diversa
1000 3438 1119 3487 veterum
1142 3431 1300 3500 scriptorum

121 3517 275 3572 testimonia
291 3517 361 3570 iuter
378 3531 408 3570 se
425 3515 567 3571 conciliare
585 3516 695 3571 studuit.

191 3619 219 3690 4)
237 3618 276 3674 cf.
294 3619 329 3689 Π,
347 3619 394 3686 43,
413 3617 541 3673 noemae
561 3623 588 3673 ec
604 3618 749 3687 rupem.
767 3617 785 3672 1.
805 3617 823 3672 1.
847 3574 849 3576 ⁵
933 3594 936 3600 '

191 3721 217 3789 5)
234 3720 311 3789 Diog.
333 3719 365 3775 L.
388 3719 429 3789 ΙΙ,
451 3722 494 3775 43.
513 3714 630 3777 ’Ἄνυτόν
652 3739 681 3774 τε
703 3716 927 3792 ἐπιδημεάσαντα
950 3718 1111 3794 αὐθημερὸν
1133 3717 1301 3796 ἐξεκήρυξαν

120 3802 316 3879 Ἡρακλεῶται.

191 3908 217 3976 6)
236 3906 392 3962 Themistl.
402 3906 420 3961 l.
434 3907 481 3960 καί
494 3905 600 3976 ἔφυγεν
610 3901 721 3968 ’Άνυτος
739 3907 770 3961 ἐκ
784 3903 835 3962 τοῦ
851 3902 957 3976 άστεος,
971 3911 1018 3962 καὶ
1032 3906 1119 3965 αὐτὸν
1132 3912 1301 3968 κατέλευσαν

123 3989 171 4046 διά
187 3988 338 4067 Σωκράτην
356 3993 383 4046 οἱ
397 3990 585 4067 Ἡρακλεῶται
609 3994 636 4046 ot
657 3991 688 4050 έν
705 3995 742 4062 τῷ
759 3988 875 4062 Πόντῳ,
899 3995 947 4046 καὶ
964 3997 1017 4052 νῦν
1034 3994 1174 4051 δείκνυται
1188 3993 1300 4052 Ἀνύτου

123 4073 223 4131 αὐτόθι
244 4083 321 4149 σῆμα
344 4077 375 4135 ἐν
400 4079 437 4147 τῷ
460 4081 614 4151 προαστείῳ
637 4075 669 4133 οὐ
693 4077 805 4153 μακράν
828 4074 976 4148 θαλάττης,
1006 4067 1104 4153 οὗπερ
1119 4082 1166 4133 καλ
1184 4081 1301 4148 ἔβαλλον

124 4160 175 4220 τὸν
190 4159 306 4221 ’Ἇνυτον
323 4165 351 4217 οἱ
365 4160 560 4235 Ἡρακλεῶται.

190 4267 218 4335 ,7)
235 4267 276 4322 De
294 4265 449 4320 Atheniens.
469 4272 497 4321 et
514 4266 623 4322 Socrate
640 4284 667 4336 p.
687 4270 721 4322 66
739 4283 779 4336 sq.
