2866 4996
708 288 727 344 4

127 477 190 551 ejus
216 473 289 535 nihil
315 478 442 545 constat3
476 474 554 547 quod
582 475 659 533 enim
686 473 893 552 Eustathius¹)
926 475 1129 536 Antisthenem
1161 475 1307 537 dicentem

127 577 211 649 lacit,
234 583 347 650 patrem
369 577 618 636 salsamentarium
640 577 737 650 fuisse,
760 577 798 636 ad
820 578 941 637 Bionem
962 579 1060 651 potius
1081 579 1307 652 Borystheniten

127 678 311 739 referendum
333 694 395 736 esse
417 678 532 737 videtur
540 680 577 758 ²).

212 781 283 840 Cum
304 797 321 839 e
343 786 434 838 matre
457 784 610 856 peregrina
632 787 718 840 natus
740 786 831 853 esset,
855 781 886 838 in
907 797 1027 841 numero
1045 782 1201 841 nothorum
1215 788 1305 856 atqua

127 884 248 956 exlege
271 882 330 941 sive
356 899 374 940 a
396 883 499 942 Solone
529 886 589 945 sive
616 901 635 943 a
656 884 768 943 Pericle
796 883 909 944 demum
935 884 996 943 lata
1004 881 1030 961 8)
1058 884 1175 944 civitate
1203 884 1306 945 Attica

126 986 256 1059 privatus
278 990 356 1055 erat;
391 1001 464 1057 quae
492 987 540 1046 lex
562 1003 735 1060 quamquam
762 986 831 1045 belli
859 987 1097 1059 Peloponnesiaci
1124 986 1306 1060 temporibus

127 1087 270 1146 obsolevit
298 1091 328 1146 et
349 1088 471 1147 Euclide
499 1089 638 1149 archonte
664 1104 717 1161 per
744 1087 982 1160 Aristophontem
1015 1088 1058 1147 ita
1086 1089 1222 1147 restituta
1249 1094 1304 1161 est,

127 1195 159 1248 ut
181 1204 294 1261 omnes,
326 1191 376 1262 qui
398 1197 467 1249 ante
489 1191 520 1250 id
541 1197 655 1265 tempus
676 1195 770 1249 matre
791 1190 946 1263 peregrina
967 1191 1028 1249 nati
1051 1195 1165 1265 essent,
1187 1192 1303 1264 excipe·

126 1298 244 1363 rentur,
271 1296 368 1350 umen
397 1293 500 1365 capitis
522 1293 696 1364 deminutio,
731 1307 804 1364 quae
826 1291 994 1351 Antistheni
1021 1308 1111 1365 puero
1134 1292 1301 1352 adolescen-

125 1395 205 1468 tique
227 1394 358 1467 injuncta
380 1401 457 1467 erat,
481 1396 542 1455 sine
565 1395 653 1455 dubio
675 1410 810 1468 magnum
831 1400 1006 1453 momentum
1028 1394 1130 1453 babuit
1151 1394 1189 1453 ad
1209 1411 1304 1454 mores

126 1497 189 1570 ejus
211 1495 360 1568 tingendos
382 1503 412 1555 et
440 1499 624 1558 severitatem
645 1497 914 1571 morositatemque,
946 1512 1019 1570 quae
1041 1503 1147 1557 natura
1168 1497 1195 1556 ei
1216 1496 1305 1555 insita

126 1598 215 1659 luisse
237 1598 367 1672 videtur,
390 1600 481 1673 magis
504 1601 591 1659 etiam
612 1599 748 1658 irritavit.

211 1700 325 1759 Proelio
347 1701 538 1776 Tana-granai,
569 1701 646 1775 quod
673 1701 841 1775 Thucydide
849 1700 875 1778 4)
904 1707 1023 1761 auctore
1051 1703 1232 1760 commissum
1259 1708 1305 1762 ost

128 1807 239 1862 aestate
261 1803 330 1861 anni
352 1806 413 1863 426
436 1821 463 1863 a.
486 1805 538 1864 Ob.
561 1822 590 1863 n.
620 1802 677 1879 (Ol.
700 1805 750 1876 88,
774 1803 821 1881 3),
853 1809 964 1863 tantam
989 1803 1167 1863 fortitudinis
1188 1805 1303 1864 laudem

125 1906 181 1965 sibi
202 1906 331 1979 peperit,
354 1910 386 1964 ut
408 1907 541 1966 Socrates
564 1907 689 1979 diceret,
718 1907 861 1965 neminem
883 1923 919 1966 en
941 1907 1053 1967 duobus
1074 1905 1303 1965 Atheniensibus

124 2013 224 2065 natum
250 2013 309 2064 tam
336 2006 439 2066 lortem
462 2010 555 2068 virum
582 2025 612 2068 se
640 2014 856 2082 praestaturum
883 2007 1016 2085 luisse⁸).
1072 2009 1139 2067 Non
1165 2015 1211 2067 est
1232 2025 1302 2068 vero

127 2125 178 2166 our
205 2110 273 2167 huic
300 2110 440 2182 Diogenis
467 2111 580 2170 La'ertii
607 2110 768 2169 narrationi
796 2110 970 2170 diffidamus.
1028 2109 1111 2184 Quod
1138 2111 1214 2168 enim
1242 2110 1303 2168 Lu·

125 2207 257 2284 cianus‘)
278 2213 438 2284 parasitum
460 2212 603 2271 dicentem
624 2210 709 2284 facit,
737 2211 940 2271 Antisthenem
961 2212 1091 2284 aliosque
1113 2212 1302 2285 philosophos

128 2328 165 2370 ne
191 2311 298 2370 vidisse
321 2313 437 2387 quidem
458 2329 585 2387 unquam
611 2314 716 2387 aciem,
743 2314 822 2373 haud
849 2314 946 2388 magni
967 2312 1105 2372 momenti
1126 2318 1180 2372 est.
1227 2314 1303 2373 Nam

124 2411 209 2473 facile
229 2413 294 2473 fieri
321 2415 430 2488 potuit,
457 2421 491 2475 ut
511 2417 557 2475 vel
583 2417 669 2490 plane
696 2417 858 2490 ignoraret,
886 2415 1090 2475 Antisthenen
1118 2415 1162 2473 illi
1189 2415 1303 2488 proelio

124 2514 306 2591 interfuisse,
336 2518 382 2577 vel
402 2518 458 2577 hoc
478 2518 556 2593 loco,
585 2518 636 2578 obi
657 2523 750 2578 totum
771 2518 1010 2593 pbilosophorum
1031 2535 1148 2591 gregem
1169 2516 1303 2591 ignaviae

123 2619 286 2699 insimulat,
320 2621 476 2679 memoriae
503 2621 587 2695 lapsu
621 2621 699 2680 inter
726 2621 798 2680 alios
825 2624 1009 2680 enumeraret
1035 2620 1124 2678 etiam
1150 2618 1303 2677 Antisthe-

124 2737 199 2779 nem.
242 2723 343 2796 Nuper
364 2727 460 2781 autem
480 2722 592 2781 Zellero
601 2720 627 2798 1)
656 2739 704 2781 res
730 2723 797 2783 ideo
823 2722 855 2781 in
876 2722 1068 2795 suspicionem
1094 2722 1188 2793 venit,
1224 2720 1303 2793 quod

123 2823 173 2881 illo
200 2823 277 2883 dicto
298 2821 488 2882 Antisthenes
515 2824 637 2897 perinde
664 2825 865 2897 induceretur,
899 2824 982 2897 quasi
1005 2824 1067 2897 jam
1092 2823 1196 2897 proelii
1223 2822 1303 2880 illius

125 2930 254 2999 tempore
276 2925 354 2985 inter
369 2926 495 2985 Socratis
517 2924 620 2985 fuisset
641 2925 814 2999 familiares;
836 2926 867 2985 id
882 2925 961 3000 quod
982 2942 1047 2985 cum
1068 2926 1119 2998 iis,
1143 2939 1217 2997 quae
1238 2923 1303 2996 ipse

124 3044 153 3101 p.
168 3029 228 3086 201
246 3044 309 3101 sq.,
332 3043 385 3087 nos
405 3025 483 3088 inira
505 3026 605 3106 (cap.1
623 3027 711 3107 extr.)
734 3027 930 3106 exposuimus,
960 3044 1090 3102 pugnare
1112 3026 1301 3088 demonstrat.

129 3162 333 3173 u———-

194 3247 219 3314 1)
235 3243 279 3299 Ad
294 3242 372 3298 Iliad.
392 3239 412 3306 ἴ
429 3260 457 3312 p.
474 3245 534 3298 495.
553 3244 683 3300 ἐντεῦθεν
700 3245 747 3296 καὶ
770 3240 784 3296 ὁ
803 3240 923 3303 Κυνικὸς
938 3243 1109 3312 Ἀντισθένης
1126 3241 1303 3317 χρησάμενος

125 3327 195 3399 πρὸς
212 3327 261 3386 τὸν
284 3327 469 3402 ἀνακρίνοντα
493 3327 523 3383 τὸ
546 3333 627 3402 γένος
645 3328 745 3396 αὐτοῦ,
769 3325 870 3396 εἰπών,
894 3326 930 3389 ὡς
947 3326 1013 3402 ἐμὸς
1035 3328 1125 3404 πατὴρ
1141 3330 1197 3403 μὲν
1213 3324 1248 3397 ἢν
1264 3332 1302 3399 τῷ

126 3412 233 3486 άγκῶνι
250 3411 486 3488 ἀπομασσόμενον·
503 3411 520 3482 ἢ
536 3418 608 3487 γοῦν
625 3417 843 3487 ταριχέμπορος,
861 3413 957 3469 καὶτὰ
975 3415 1036 3481 ἑξῆς
1053 3412 1153 3487 ἐπάγει
1169 3413 1199 3470 τὸ

332 3497 439 3568 Ταύτης
455 3519 497 3555 τοι
514 3504 609 3572 γενεῆς
627 3519 654 3556 τε
672 3503 720 3554 καὶ
738 3503 854 3573 αἵματος
871 3495 987 3573 εάχομαι
1007 3499 1086 3556 εἶναι.

194 3586 219 3657 2)
239 3586 277 3642 Os.
295 3586 372 3656 Diog.
392 3587 424 3642 L.
442 3587 487 3657 IV,
505 3589 540 3642 46
558 3603 619 3642 cum
636 3586 808 3641 annotatione
825 3585 951 3653 Menagii.
969 3615 1003 3625 -
1022 3585 1094 3639 Suid.
1114 3600 1135 3640 s.
1153 3600 1175 3638 v.
1196 3580 1300 3655 άγκάν.

192 3673 218 3743 3)
237 3672 276 3726 Cf.
295 3671 322 3726 O.
341 3671 386 3727 Fr.
404 3672 551 3726 Hermanni
568 3671 720 3740 antiquitat.
739 3669 784 3724 Gr.
802 3670 824 3724 Ι.
843 3668 860 3740 §
879 3668 938 3724 118.

192 3759 218 3829 4)
236 3757 284 3827 ΙΠ,
302 3759 343 3812 91.
363 3757 397 3812 ci.
416 3757 529 3812 Clinton.
546 3756 608 3811 fast.
625 3755 697 3809 Hell.
716 3754 750 3808 ad
768 3770 791 3809 a.
809 3757 869 3809 426.

193 3844 219 3914 b)
237 3843 313 3912 Diog.
331 3842 363 3897 L.
383 3843 428 3912 VI,
449 3847 472 3898 1.
499 3840 567 3899 ὅθεν
585 3844 632 3894 καὶ
650 3842 680 3899 ἓν
700 3837 834 3912 Τανάγρᾳ
853 3836 922 3894 κατὰ
938 3836 987 3909 τὴν
1003 3833 1097 3912 μάχην
1114 3834 1300 3912 εὐδοκιμήσας

125 3926 213 3984 ἔδωκε
235 3930 325 3999 λέγειν
342 3922 485 4000 Σωκράτει
508 3922 545 3986 ὡς
568 3925 619 3980 οὐκ
636 3923 672 3983 ἂν
694 3927 725 3981 ἔκ
743 3926 824 3982 δυοῖν
837 3924 995 3994 Ἀθηναίων
1013 3923 1083 3979 οὕτω
1105 3921 1219 3998 γεγόνοι
1236 3944 1300 3996 γεν-

126 4021 210 4075 ναῖος.
230 4013 263 4069 cf.
282 4013 316 4084 ΙΙ,
335 4016 377 4069 31.

193 4101 219 4169 6)
236 4100 348 4154 Parasit.
368 4114 391 4152 ο.
414 4099 456 4152 43.
480 4094 654 4163 Ἀντισθένης
679 4097 734 4170 μὲν
757 4089 808 4153 οὖν
831 4098 877 4148 καὶ
901 4098 1036 4166 Διογένης
1060 4099 1105 4150 καὶ
1129 4093 1238 4172 Κράτης
1255 4100 1303 4152 καὶ

126 4183 227 4255 Ζήνων
245 4227 250 4239 .
265 4225 291 4240 ..
311 4189 358 4239 καὶ
376 4186 431 4244 πάς
450 4171 528 4243 οὗτος
546 4181 561 4236 ὁ
581 4181 678 4255 ὅμιλος
696 4181 763 4237 οὐδὲ
781 4183 857 4240 eldaa
874 4179 1030 4257 παράταξιν

195 4273 221 4341 7)
239 4271 309 4325 Hiut.
329 4270 395 4338 phil.
415 4271 459 4324 Gr.
478 4270 517 4340 Η,
535 4286 561 4338 p.
581 4269 640 4338 201,
659 4271 674 4322 3
693 4269 742 4338 (ed.
761 4269 815 4340 Π).
