2866 4996
594 1168 741 1308 Caput
773 1168 833 1271 H.

426 1407 488 1502 lle
517 1405 783 1502 Antisthenis
814 1405 999 1529 scriptis.

638 1671 789 1680 —-—-

147 1855 154 1861 ·
212 1834 414 1895 Antisthenem
440 1836 471 1895 in
498 1837 677 1911 principibus
698 1837 911 1896 Socraticorum
932 1842 1114 1896 numeratum
1136 1854 1199 1896 esse
1225 1838 1301 1896 inter

127 1955 226 1997 omnes
248 1936 408 2012 constat¹);
440 1955 526 2010 quem
547 1939 669 2011 gloriam
690 1955 795 2011 magna
816 1955 852 1997 ex
873 1944 956 2011 parte
983 1939 1156 2011 scriptorum
1184 1956 1301 1998 suorum

127 2040 210 2112 eopia
230 2055 264 2097 ae
284 2041 463 2112 praestantia
484 2039 605 2114 adeptus
627 2057 689 2099 esse
710 2040 834 2100 uidetur.
883 2041 1000 2099 Etenim
1028 2057 1087 2099 non
1115 2041 1206 2100 solum
1228 2041 1302 2099 ethi-

127 2157 203 2212 cam,
227 2142 273 2200 cui
295 2141 384 2200 ceteri
406 2142 545 2202 Socratici
567 2147 684 2216 praeter
706 2142 802 2201 omnia
823 2159 940 2216 operam
962 2142 1118 2217 dederunt,
1140 2142 1300 2202 sedetiam

126 2243 315 2315 rhetoricam,
345 2242 539 2318 dialecticam,
568 2246 800 2319 grammaticam,
828 2245 975 2318 physicam
996 2245 1094 2303 multis
1120 2245 1203 2304 libris
1224 2261 1301 2304 nune

127 2344 242 2418 quidem
264 2344 388 2418 perditis
409 2347 554 2406 tractavit.
583 2347 635 2407 Cui
658 2348 701 2405 rei
723 2363 787 2406 eum
802 2347 851 2405 alii
866 2353 996 2406 veterum
1018 2349 1191 2420 scriptorum
1205 2345 1301 2423 loci²),

129 2453 190 2505 tum
224 2447 312 2506 index
345 2448 485 2506 librorum
516 2450 685 2522 aDiogene
714 2450 833 2508 Laertio
866 2455 996 2508 seruatus
1028 2448 1192 2507 testimonio
1226 2453 1302 2507 sunt.

128 2549 230 2620 Neque
257 2549 288 2606 id
309 2551 413 2609 mirum
441 2551 472 2608 in
493 2551 681 2623 Antisthene,
711 2552 775 2624 qni,
803 2556 958 2623 antequam
979 2550 1010 2608 in
1032 2550 1158 2609 Socratis
1179 2548 1302 2609 familia-

127 2650 243 2709 ritatem
265 2667 296 2709 se
312 2651 401 2726 dedit,
422 2652 540 2726 longum
560 2670 614 2727 per
635 2659 749 2726 tempus
764 2653 916 2727 disciplina
937 2670 1005 2711 usus
1024 2657 1088 2712 erat
1108 2651 1303 2725 sophistarum

130 2751 167 2810 ab
202 2752 296 2825 iisque
328 2754 406 2812 illam
441 2755 602 2814 studiorum
636 2756 806 2814 varietatem
834 2755 984 2814 asciverat.
1050 2754 1159 2814 Multos
1188 2753 1302 2826 quidem

132 2869 230 2912 eorum
257 2854 412 2929 librorum,
449 2858 497 2930 qui
524 2857 646 2916 maxime
677 2858 870 2931 sophistarum
906 2864 984 2916 artes
1014 2856 1200 2929 redolebant,
1235 2861 1302 2915 ante

130 2955 202 3015 illud
217 2961 330 3030 tempus
345 2959 493 3033 scripsisse
515 2959 660 3033 putandus
675 2966 728 3033 est,
752 2977 808 3032 quo
824 2959 980 3032 discipulus
1003 2956 1096 3018 lactus
1110 2964 1155 3017 est
1169 2959 1304 3030 Socratis,

129 3057 180 3117 sed
210 3075 275 3117 enm
308 3066 411 3133 postea
437 3078 551 3135 quoque
584 3063 723 3135 pristinae
756 3061 945 3120 institutionis
972 3061 1050 3120 haud
1078 3060 1199 3119 oblitum
1230 3077 1303 3135 esse,

130 3159 329 3219 demonstrant
349 3161 417 3221 libm'
439 3170 540 3223 eontra
554 3164 705 3224 Platonem
727 3165 826 3236 scripti
849 3163 919 3239 (περὶ
941 3164 989 3219 τοῦ
1010 3158 1177 3239 ἀντιλέγειν),
1199 3163 1304 3235 quibus

128 3260 199 3320 illud
221 3262 443 3338 Protagoreum,
473 3267 545 3326 nulli
572 3267 732 3326 sententiae
762 3266 921 3325 conmodioi
942 3282 1041 3338 posse,
1070 3264 1208 3324 defendit.
1251 3264 1303 3324 Di-

130 3364 213 3423 cendi
235 3381 303 3424 vero
325 3383 430 3440 genere
452 3367 640 3427 Antisthenes
660 3366 808 3442 professus
830 3374 874 3426 est
894 3368 1049 3441 praecipue
1071 3366 1197 3440 Gorgiae
1219 3366 1304 3426 disei-

130 3467 246 3539 plinam,
270 3485 355 3540 quem
377 3484 480 3527 novam
496 3469 639 3543 quondam
655 3469 768 3528 dicendi
790 3475 882 3529 artem
903 3468 1052 3528 induxisse
1074 3485 1158 3526 nemo
1179 3469 1304 3542 ignorat.

199 3667 224 3735 1)
241 3666 318 3734 Diog.
337 3666 368 3719 L.
387 3667 422 3736 Π,
439 3670 481 3720 47.
508 3670 564 3724 τῶν
587 3667 618 3721 dl
640 3667 849 3740 διαδεξαμένων
869 3664 954 3723 αὐτὸν
972 3666 1127 3736 (Socratem)
1151 3669 1206 3723 tolo
1223 3668 1304 3735 λεγο-

130 3755 224 3823 μένων
240 3755 429 3823 Σωκρατικῶν
448 3755 475 3806 οἱ
492 3749 707 3825 κορυφαιότατοι
728 3754 783 3826 μὲν
799 3748 931 3820 Πλάτων,
956 3753 1106 3823 Ξενοφῶν,
1126 3750 1303 3817 Ἀντισθένης.

130 3835 165 3890 cf.
185 3835 252 3891 Geli.
264 3837 336 3906 XIV,
357 3841 370 3890 1
388 3866 422 3875 —
440 3844 487 3907 „ut
504 3839 635 3893 exsistant
651 3854 701 3907 per
717 3839 901 3908 hujuscemodi
918 3837 1056 3893 stellarum
1073 3836 1260 3891 concursiones
1279 3840 1306 3889 et

132 3922 315 3977 similitudines
334 3922 460 3978 Socratae
477 3923 556 3990 simul
574 3931 600 3979 et
616 3924 792 3980 Antisthenae
810 3932 837 3979 et
854 3924 1001 3979 Platones·
1019 3953 1061 3974 -.

198 4008 225 4076 2)
241 4007 394 4077 Hieronym.
413 4015 507 4062 contra
522 4008 610 4064 dorin.
620 4009 655 4077 H,
675 4012 707 4063 14
728 4039 763 4048 -
789 4009 1013 4079 „innumerabiles
1028 4008 1088 4076 ejus
1105 4006 1175 4076 libri,
1192 4021 1305 4075 quorum

130 4090 199 4146 alios
223 4091 426 4162 philosophico,
452 4093 520 4149 alios
545 4095 679 4150 rhetorico
704 4111 801 4164 genere
828 4095 1018 4164 conscripsit.“
1044 4123 1078 4134 -
1104 4093 1199 4146 Timon
1216 4096 1306 4146 sutem

131 4176 318 4316 Sillogaphus
334 4193 394 4318 οξτο
411 4185 522 4248 propter
538 4179 732 4234 multitudinem
750 4180 877 4235 librorum
888 4183 1036 4251 παντοφυῆ
1050 4175 1175 4250 φλιδόκα
1188 4175 1307 4246 appella·

132 4262 195 4329 vit(
223 4261 273 4331 'og.
318 4301 323 4314 .
367 4263 388 4332 1,
409 4263 458 4331 18).
