2866 4996
635 313 789 408 -5-3*

210 501 316 559 Tomus
338 504 434 558 autem
456 517 549 559 nonus
570 501 606 560 ad
622 502 779 576 Odysseam
801 502 983 577 pertinebat,
1003 503 1033 563 id
1056 503 1133 576 quod
1147 503 1204 576 ipsi
1219 500 1296 562 tituli

125 603 194 661 satis
216 603 423 661 demonstrant.

212 704 264 781 54)
292 706 364 779 περὶ
388 700 591 770 Ὀδυσσείας.
636 707 828 768 Confirmatur
857 709 905 768 hic
930 708 1005 767 liber
1033 709 1120 768 etiam
1142 707 1299 781 Phrynichi

128 805 343 882 auctoritate2).

177 978 180 984 ,
213 910 264 983 55)
285 907 361 984 περὶ
383 910 417 978 τῆ
425 931 437 973 ς
458 905 601 985 ῥάβδον.
646 911 786 970 Mercurii
808 914 904 986 potius
925 915 1036 989 virgam
1057 909 1231 987 magicam²l

447 1054 482 1063 —
499 1028 531 1100 τῇ
549 1023 569 1079 τ’
590 1020 702 1098 ἄνδρων
721 1019 835 1098 ὄμματα
854 1029 958 1098 θέλγει,

354 1117 393 1185 ὧν
411 1127 510 1196 ἐθέλει,
528 1127 590 1190 τοὺς
608 1123 700 1185 δαῦτε
718 1133 765 1184 καὶ
782 1128 944 1190 ὑπνώοντας
961 1131 1067 1203 ἐγείρει.

130 1255 213 1310 quam
236 1238 333 1298 Circes
342 1235 368 1312 ³)
390 1238 435 1296 vel
457 1236 643 1314 Minervac⁴)
666 1237 822 1311 significari
844 1239 981 1299 arbitror.

214 1339 266 1416 56)
285 1334 411 1406 Ἀθηνᾶ
433 1328 450 1408 ἢ
471 1339 549 1413 περὶ
573 1337 781 1410 Τηλεμάχου.

215 1442 268 1518 57)
289 1441 364 1516 περὶ
380 1436 510 1511 Ἑλένης
532 1443 588 1498 καὶ
611 1441 813 1513 Πηνελόπης.

216 1546 266 1618 58)
294 1544 367 1620 περὶ
392 1542 559 1618 Ιιριῖιεως.
609 1547 690 1605 Haec
724 1548 925 1606 commentatio
955 1547 1105 1621 spectabat
1132 1545 1170 1603 ad
1199 1542 1300 1616 Odyss.

130 1646 162 1722 o',
187 1650 248 1705 384
270 1665 313 1721 sq,
358 1648 472 1707 Scholia
493 1648 531 1706 ad
552 1649 628 1707 hunc
649 1649 744 1727 locum
766 1649 935 1723 allegoricas
956 1648 1211 1722 interpretationes
1236 1661 1302 1705 con-

130 1751 232 1822 tinent,
255 1767 376 1823 quarum
395 1767 453 1811 non
475 1750 548 1808 nihil
571 1749 695 1809 fortasse
717 1749 900 1810 Antisthenis
922 1757 976 1810 est.

217 1852 270 1930 59)
296 1847 441 1924 Κύκλωψ
469 1841 486 1920 ἢ
509 1852 582 1922 περὶ
606 1847 799 1913 Ὀδυσσέως.
848 1854 895 1911 Ex
922 1853 978 1911 hoc
998 1852 1074 1910 libro
1097 1853 1219 1926 petitum
1241 1867 1304 1910 esse

130 1956 251 2029 conjicio
274 1954 352 2028 quod
373 1954 467 2014 Sobol.
491 1955 528 2012 ad
549 1954 602 2013 Od.
627 1952 654 2029 ι’,
678 1957 738 2014 525
760 1954 928 2014 Antistheni
950 1953 1122 2013 attribuunt.
1166 1954 1304 2012 Fortasse

131 2059 218 2116 etiam
243 2056 356 2128 reliqua
377 2054 548 2130 fragmenta,
572 2057 676 2130 quibus
698 2057 840 2130 sapientia
862 2057 955 2116 Ulixis
977 2053 1156 2133 laudatur⁵),
1179 2055 1235 2114 huc
1256 2071 1304 2114 re·

133 2157 253 2217 ferenda
274 2162 350 2215 sunt.

218 2259 271 2335 60)
292 2259 367 2332 περὶ
389 2262 484 2316 οἴνου
511 2255 660 2333 χρήσεως
681 2250 697 2330 ἦ
718 2263 791 2336 περὶ
815 2264 924 2337 μέθης
947 2256 974 2338 [ἢ
996 2258 1055 2328 περὶ
1077 2255 1304 2335 οοῦΚῦκλωπος)

134 2363 220 2422 Hunc
252 2362 359 2422 librum
395 2363 481 2421 etiam
504 2362 648 2424 Aristides
681 2364 782 2424 rhetor
816 2359 1063 2440 commemorat‘h
1121 2362 1179 2421 Gur
1211 2367 1308 2422 autem

133 2464 390 2524 Winckelmannus
413 2481 477 2523 eum
500 2466 660 2538 seJunxerit
681 2467 718 2524 ab
740 2467 903 2525 Homericis
925 2484 982 2525 non
1004 2465 1153 2538 intelligo,
1176 2480 1308 2540 praeser-

135 2568 185 2625 tim
207 2583 271 2626 com
293 2564 365 2623 illud
387 2567 557 2638 posterioris
579 2583 681 2626 manns
703 2568 931 2627 additamentum
955 2558 982 2642 (ἢ
1004 2566 1066 2642 περὶ
1087 2562 1309 2642 resilientem)

138 2667 208 2725 satis
228 2666 347 2736 indicet,
370 2667 446 2727 unde
469 2675 669 2741 argumentum
690 2676 836 2744 sumptum
857 2669 955 2730 suerit.

222 2767 274 2845 61)
297 2768 372 2842 περὶ
395 2772 532 2844 Κίρκης.

223 2869 274 2946 62)
302 2870 377 2941 περὶ
400 2866 626 2944 Ἀμφιαριλοι·.
683 2875 740 2935 Hic
766 2875 841 2934 liber
867 2875 905 2932 ad
927 2874 980 2933 Od.
1005 2870 1038 2946 o',
1069 2876 1131 2932 244
1153 2890 1196 2946 sq.
1220 2878 1250 2932 et
1277 2867 1308 2944 λ’,

140 2974 200 3030 326
223 2973 398 3045 pertinuisse
420 2975 545 3034 videtur.

222 3074 274 3150 63)
302 3076 377 3148 περὶ
406 3081 463 3132 τοῦ
486 3073 665 3141 Ὀδυσσέως
693 3077 749 3132 καὶ
776 3072 963 3145 Πηνελόπης
991 3076 1046 3154 [καὶ
1068 3077 1126 3150 περὶ
1147 3081 1194 3132 ror'·
1216 3069 1310 3154 κινός)

138 3174 287 3234 Postrema
309 3177 472 3239 claudicant
494 3185 523 3238 et
544 3179 622 3240 haud
646 3181 732 3241 dubie
754 3185 857 3253 postea
878 3180 991 3239 demam
1013 3178 1113 3239 addita
1134 3184 1210 3238 sunt.
1248 3179 1311 3252 Sig-

137 3275 272 3336 nificatur
300 3285 396 3338 autem
419 3280 532 3354 Argus,
558 3282 654 3342 Ulixis
675 3282 769 3354 canis,
798 3282 848 3353 qui
875 3282 953 3342 solus
974 3281 1121 3341 dominmn
1142 3281 1312 3340 redeuntem

136 3379 232 3436 statim
260 3382 386 3453 agnovit.
425 3382 491 3459 (od,
520 3382 554 3459 ρ’,
585 3387 645 3442 291
676 3383 731 3459 sq.)
788 3383 910 3443 Librum
939 3382 975 3441 de
1003 3383 1089 3442 Ulixe
1118 3387 1149 3441 et
1169 3381 1313 3454 Penelope

139 3480 279 3552 imprimis
302 3489 444 3555 spectasse
467 3489 537 3558 puto
560 3485 598 3543 ad
620 3484 672 3543 Od.
696 3481 728 3560 r',
754 3485 792 3543 53
816 3501 859 3557 sq.
882 3490 912 3543 et
934 3478 973 3557 η’.

208 3662 232 3731 1)
251 3663 289 3717 of.
307 3680 334 3732 p.
353 3668 395 3719 28.

205 3750 232 3815 2)
250 3748 343 3817 Odyss.
363 3747 397 3818 ε’,
414 3754 456 3804 47.
475 3754 522 3820 48;
542 3747 584 3820 ω’,
603 3757 619 3805 2
638 3768 677 3820 sq.
696 3780 730 3789 -
748 3751 783 3805 cf.
801 3750 831 3804 ΙΙ.
850 3747 894 3819 ω’,
914 3752 972 3804 343.

206 3831 505 3903 amamma

206 3916 429 3987 offlam

206 4007 233 4072 5)
252 4004 290 4057 Cf.
308 4020 335 4072 p.
353 4008 396 4058 51.

206 4092 232 4157 6)
249 4089 322 4143 Orat.
341 4089 425 4157 XXV,
444 4106 471 4158 p.
497 4093 554 4145 560.
577 4095 623 4144 καὶ
642 4090 671 4145 τὸ
697 4093 804 4158 βιβλίον
829 4089 895 4144 αὐτὸ
921 4093 1001 4145 τοῦτο
1027 4084 1120 4144 ἐδόκει
1143 4086 1214 4144 εἶναι
1229 4085 1315 4141 Ἀντι-

138 4177 255 4231 caraeve
273 4177 336 4245 περὶ
349 4171 490 4245 χρήσεως·
511 4176 594 4250 ἔφερε
613 4176 645 4230 δὲ
664 4181 701 4236 εἰς
719 4176 797 4231 οἶνον
815 4179 869 4228 κτλ.

573 4317 876 4326 ——-
