2866 4996
643 304 795 396 -43-

125 493 241 563 dubito,
266 509 304 549 an
326 490 357 548 in
379 490 518 550 vocabulo
542 492 618 555 viam,
640 493 746 565 quippe
769 492 815 550 cui
837 506 896 549 nou
918 489 997 548 clara
1018 488 1163 547 sententia
1178 487 1307 560 subJecta

127 596 177 666 sit,
203 594 339 652 mendum
360 593 460 652 lateat.

217 697 269 769 43)
292 691 412 768 κύριος
434 690 453 762 ἢ
473 692 645 767 ἐρώμενος.
683 694 715 771 (t.
738 693 837 771 X.)¹).

216 797 269 874 44)
293 793 405 870 κύριοι
439 798 458 867 ἢ
490 797 716 854 κατάσκοποι.
762 797 795 873 (t.
826 799 876 870 X.)
919 797 982 855 Hos
1018 796 1076 855 dui)
1109 796 1209 854 titulos
1240 810 1305 866 per-

129 903 270 960 obscuros
292 900 341 960 vix
364 899 499 972 explices.
543 900 800 958 Winckelmanuus
821 900 852 956 iu
874 900 971 971 priore
986 915 1039 970 pro
1056 893 1143 968 κύριος
1156 898 1308 969 proposuit

134 1000 247 1076 κῦρνος.
267 1000 345 1075 quod
367 1018 425 1059 nou
448 1000 533 1061 facile
555 1003 690 1074 cuiquam
712 1000 857 1074 probabit,
881 1001 1004 1059 alterum
1025 1001 1164 1058 intactum
1179 998 1306 1070 reliquit.

129 1106 259 1166 Cobetus
287 1118 341 1174 pro
369 1099 456 1176 κύριος
478 1109 508 1162 et
535 1100 619 1176 κύριοι
640 1109 764 1175 utroque
786 1103 849 1160 loco
872 1103 988 1174 scripsit
1009 1095 1109 1174 Κῦρος,
1132 1100 1183 1158 sed
1205 1100 1307 1169 exile,

132 1223 208 1281 quae
238 1221 326 1279 supra
353 1202 394 1280 (p.
418 1205 471 1281 43)
494 1207 689 1280 exposuimus,
725 1209 861 1279 apparet,
894 1204 951 1263 duo
983 1209 1095 1262 tautum
1127 1203 1309 1261 Antisthenis

129 1309 276 1370 exstitisse
296 1306 396 1379 libros,
420 1308 470 1380 qui
491 1308 559 1381 Cyri
579 1325 683 1367 uomen
704 1306 823 1366 ferrent.

219 1409 272 1486 45)
306 1411 489 1474 Μενέξενος
521 1400 540 1478 ἢ
566 1410 640 1480 περὶ
668 1412 726 1466 τοῦ
748 1406 875 1480 ἄρχειν.
907 1409 940 1483 (t.
964 1407 1060 1485 X.)²).
1106 1409 1307 1476 Menexenum,

134 1530 225 1572 uuum
247 1529 283 1572 ex
303 1511 477 1570 fidelissimis
490 1513 617 1571 Socratis
640 1512 797 1585 discipulis,
821 1512 936 1584 dialogo
960 1511 1089 1584 ejusdem
1105 1512 1236 1581 nominis,
1260 1510 1309 1581 qui

135 1614 268 1673 Platonis
291 1629 353 1672 esse
375 1612 477 1685 fertur,
501 1615 686 1674 nobilitatum
708 1632 770 1673 esse
793 1614 863 1671 satis
886 1618 1006 1671 constat.
1051 1614 1097 1670 Ex
1118 1612 1263 1686 prooemio
1274 1609 1310 1685 8),

132 1715 185 1775 ubi
211 1716 390 1774 Menexenus
427 1715 603 1788 reipublicae
637 1715 883 1774 administrandae
917 1716 1038 1788 cupidus
1072 1732 1135 1773 esse
1164 1719 1309 1783 narratur,

95 1892 99 1901 Ι
136 1817 221 1876 facile
243 1817 371 1890 colligas,
394 1818 431 1875 ab
454 1817 555 1876 eodem
576 1818 758 1876 Antisthenis
779 1818 885 1875 librum
907 1834 1010 1876 nomeu
1032 1818 1184 1889 reperisse.

223 1919 277 1994 47)
299 1915 521 1990 Ἀλκιβιάδης.
559 1919 593 1995 (t.
616 1919 714 1997 X.)⁴).
758 1921 820 1978 Iam
847 1936 935 1992 supra
957 1919 997 1995 (p.
1022 1918 1074 1994 44)
1104 1918 1227 1976 diximus
1250 1917 1311 1976 An-

136 2021 291 2079 tistheuem
318 2021 348 2077 iu
375 2022 467 2080 altero
490 2022 564 2094 Cyro
593 2023 739 2080 licentiam
760 2020 920 2079 Alcibiadis
942 2026 1066 2079 notasse.
1111 2020 1193 2092 Quod
1215 2026 1311 2078 autem

135 2122 186 2181 illo
216 2124 280 2181 loco
304 2124 385 2195 quasi
408 2125 587 2196 praeteriens
610 2122 712 2182 fecisse
734 2122 941 2181 existimandus
964 2129 1023 2193 est,
1044 2123 1075 2181 id
1097 2122 1152 2180 boc
1174 2122 1312 2194 singulari

135 2224 212 2283 libro
248 2225 442 2297 copiosissime
477 2227 644 2299 exposuisse
672 2225 795 2283 videtur.
851 2223 895 2283 Ac
921 2222 1050 2296 proiecto
1083 2239 1167 2296 quem
1195 2240 1312 2283 severus

140 2342 254 2384 morum
283 2325 439 2398 castigator
468 2333 554 2399 atque
582 2328 808 2386 studiosissimus
829 2327 956 2386 Socratis
983 2325 1139 2397 discipulus
1161 2327 1312 2385 vehemen-

139 2428 198 2486 tius
226 2427 363 2486 iuseotari
391 2428 491 2486 debuit
513 2445 598 2501 quam
620 2428 818 2499 Alcibiadem,
849 2428 898 2500 qui
925 2432 984 2485 tam
1013 2443 1099 2499 saepe
1128 2428 1232 2485 insitae
1255 2429 1311 2486 vir-

140 2628 285 2689 couflabat
314 2631 421 2689 civium
447 2632 600 2704 iuvidiam,
628 2638 661 2690 ut
691 2633 752 2704 ejus
778 2632 885 2704 partim
913 2632 995 2703 culpa
1024 2631 1158 2690 Socrates
1180 2630 1313 2690 condem-

141 2737 228 2790 natus
260 2747 323 2790 esse
353 2734 525 2805 putaretur?
567 2735 670 2806 Neque
704 2739 800 2793 tamen
831 2735 937 2808 injuste
964 2732 1145 2791 Alcibiadem
1170 2733 1315 2803 tractavit,

144 2833 195 2892 sed
218 2850 291 2906 quae
313 2835 344 2890 iu
367 2851 400 2892 eo
422 2835 568 2894 laudanda
590 2842 673 2895 eraut
695 2837 805 2894 meritis
827 2835 961 2894 laudibus
983 2836 1095 2894 extulit.
1140 2836 1315 2894 Testimonio

143 2940 211 2994 sunt
232 2937 362 2994 nonnulli
385 2938 454 3009 loci,
478 2955 550 3010 quos
561 2938 818 2997 Wiuckelmauuus
831 2937 906 3011 cyro
929 2939 1091 3010 adscripsit,
1115 2955 1167 3012 ego
1190 2937 1318 2995 adhunc

143 3038 240 3110 potius
267 3037 374 3096 librum
401 3037 570 3117 referam)
615 3041 718 3099 Eidem
745 3041 873 3099 attribuo
901 3041 978 3114 quod
1005 3040 1177 3099 Plutarchus
1199 3040 1235 3097 ab
1258 3038 1317 3096 Au-

143 3140 270 3198 tistbene
293 3141 414 3213 sumpsit
435 3141 465 3198 iu
487 3143 547 3200 vita
567 3141 728 3201 Alcibiadis
751 3143 790 3216 (c.
817 3145 855 3217 1).

215 3388 239 3457 l)
255 3389 383 3444 Fortasse
409 3390 472 3444 huic
493 3390 562 3444 libro
584 3390 753 3445 tribuendum
777 3397 819 3444 est
847 3393 914 3446 illud
937 3393 1037 3447 dictum
1058 3391 1243 3446 Antisthenis:
1272 3395 1319 3444 aet

144 3470 350 3548 ἐρασθήσεσθαι
363 3474 398 3529 δέ
403 3493 408 3503 ’
417 3472 509 3548 μόνον
516 3475 571 3548 γὰρ
585 3477 688 3532 εἰδέναι
700 3474 748 3533 τὸν
757 3474 861 3550 σοφόν,
873 3485 956 3536 τίνων
968 3476 1024 3550 χρὴ
1035 3479 1109 3552 ἐρᾶν.
1119 3476 1198 3547 (DA.
1209 3475 1255 3544 VI,
1267 3478 1318 3547 ll).

214 3578 241 3642 2)
258 3575 348 3630 Etiam
366 3576 468 3632 Glauco
486 3579 664 3634 Menexenum
682 3580 848 3648 scripsisisse
865 3581 957 3635 fertur.
977 3580 1019 3650 (D.
1038 3579 1068 3634 L.
1087 3579 1121 3648 II,
1141 3583 1208 3648 124).

213 3681 239 3747 3)
257 3681 308 3732 234
325 3678 358 3732 A.
376 3679 407 3735 B.

214 3780 240 3849 4)
257 3781 347 3836 Etiam
364 3782 507 3839 Aeschinis
524 3790 551 3839 et
568 3784 689 3840 Euclidis
707 3784 849 3839 exstabant
867 3784 977 3853 dialogi,
996 3785 1042 3852 qui
1057 3782 1211 3838 Alcibiades
1229 3782 1322 3836 inscri-

145 3865 285 3922 bebantur.
304 3867 346 3936 (I).
364 3867 396 3921 L.
414 3867 448 3936 11,
467 3871 508 3922 61.
528 3872 597 3938 108).

213 3969 241 4035 5)
258 3967 356 4023 Athen.
374 3968 434 4038 XII,
452 3985 478 4038 p.
498 3974 550 4025 534
568 3970 596 4024 O.
615 4000 647 4010 —
666 3970 778 4025 Procius
796 3973 823 4024 iu
841 3969 909 4025 Plat.
929 3970 1017 4025 Alcib.
1035 3971 1056 4039 1,
1074 3987 1100 4039 p.
1121 3973 1180 4024 114.
1199 3969 1321 4025 Creuzer.

147 4081 182 4091 -·
199 4051 349 4122 Olympiod.
369 4054 396 4106 iu
412 4054 499 4109 Alcib.
518 4055 539 4124 I,
557 4072 583 4124 p.
603 4058 644 4108 13.
664 4055 786 4111 Creuzer.
804 4087 837 4096 -
