2866 4996
696 332 735 388 39

215 516 266 594 12)
288 514 362 590 napi
383 509 555 589 ὀνομάτων
573 511 724 591 χρήσεως
746 513 834 596 [ή]’)
856 515 1033 593 ἐριστικός.

218 617 268 695 13)
291 618 365 693 περὶ
387 615 577 692 ἐρωτήσεως
597 619 651 675 καὶ
673 612 890 694 ἀποκρίσεως.
940 623 1079 680 Fortasse
1100 621 1148 681 hic
1169 620 1244 680 liber
1265 620 1303 679 ad

130 723 346 795 grammaticum
368 722 464 796 potius
492 738 583 795 genus
605 720 775 782 referendus
801 730 859 796 cst,
893 724 1035 796 siquidem
1067 740 1085 782 a
1111 723 1304 796 grammaticis

128 825 205 883 illius
232 825 370 898 temporis
398 820 520 896 ἐρώτησις
547 830 577 883 et
603 812 758 900 ἀπόκρισις,
790 843 861 898 quas
892 843 969 885 nunc
991 827 1134 885 communi
1155 827 1304 902 indicativi

129 928 242 985 nomine
266 927 550 1001 comprehendimus,
572 928 602 986 in
625 928 717 986 modis
738 928 821 987 verbi
842 929 1070 988 numerabantur
1078 927 1114 1005 ²).

220 1029 272 1107 14)
293 1029 368 1104 περὶ
394 1023 491 1096 δόξης
523 1029 579 1086 καὶ
608 1027 794 1103 ἐπιστήμης
821 1024 934 1104 o'pi‘y'd'.
989 1033 1043 1090 His
1070 1036 1194 1104 quatuor
1221 1030 1304 1089 libris

129 1131 318 1191 Antisthenes
341 1131 377 1191 de
400 1135 568 1206 quaestione
596 1134 737 1206 imprimis
758 1134 795 1192 ab
818 1133 957 1192 Eleaticis
978 1133 1157 1207 philosophis
1179 1136 1304 1192 tractata

129 1234 288 1307 disputavit
320 1234 435 1308 illisque
460 1236 553 1308 magis
581 1251 666 1308 qnam
688 1236 800 1295 Socrati
834 1252 897 1295 eam
928 1234 1073 1308 opinionis
1106 1240 1136 1293 et
1167 1235 1304 1294 scientiae

128 1337 344 1397 distinctionem
366 1334 472 1396 dehere
495 1336 654 1413 videtnr³).
698 1338 774 1397 Satis
801 1355 870 1398 vero
899 1342 1012 1397 constat
1044 1337 1193 1395 Platonem
1216 1337 1305 1396 tertia

128 1439 280 1498 Theaeteti
302 1444 386 1512 parte
394 1437 420 1517 ⁴)
440 1440 604 1514 philosophi
619 1439 776 1514 cujusdam,
800 1458 884 1513 quem
903 1439 1071 1499 nominatim
1094 1455 1153 1497 non
1168 1438 1304 1512 appellat,

128 1540 300 1600 sententiam
327 1542 492 1601 examinare
520 1542 668 1600 scientiam
703 1542 744 1600 ita
771 1542 947 1615 definientis,
982 1547 1015 1601 nt
1040 1543 1079 1600 sit
1104 1533 1211 1612 ἇληθής
1239 1540 1303 1606 δόξα

126 1636 192 1715 pud
213 1637 305 1716 λόγου.
356 1643 464 1716 Quodsi
493 1659 691 1716 comparamus
720 1644 887 1704 Aristotelis
914 1641 1144 1721 testimonium⁵)
1173 1645 1304 1718 cuniis,

129 1763 203 1819 quac
225 1745 310 1804 Plato
332 1746 479 1818 exposuit,
504 1745 638 1805 dubitare
660 1762 718 1805 non
740 1763 904 1820 possumus,
929 1747 999 1821 quin
1019 1747 1070 1805 illa
1091 1745 1221 1806 definitio
1242 1745 1304 1805 An·

129 1848 247 1906 tistheni
269 1846 424 1906 tribuenda
445 1847 482 1906 ab
504 1863 597 1921 eoque
618 1847 663 1906 his
683 1849 755 1922 ipsis
775 1849 859 1908 libris
881 1849 1024 1923 epocata
1045 1846 1126 1926 εἰτ’).

212 1951 259 2009 Ad
281 1949 404 2009 eundem
424 1950 519 2010 locam
540 1951 694 2022 pertinuit:

218 2054 267 2129 15)
290 2049 387 2115 δόξαι
408 2045 425 2122 ἢ
447 2046 620 2127 ἐριστικός.

215 2153 265 2231 16)
292 2153 369 2229 περὶ
402 2155 462 2212 τοῦ
496 2141 699 2228 pandrina}
732 2151 961 2230 προβλήματα.
1021 2153 1225 2215 Antisthenem
1245 2155 1302 2215 hoc

126 2256 201 2315 libro
240 2258 318 2315 illam
353 2259 547 2332 sophistarum
578 2264 717 2319 tractasse
752 2264 822 2332 puto
854 2258 1066 2332 quaestionem,
1108 2274 1193 2331 quam
1225 2256 1303 2331 apud

127 2359 277 2419 Platonem
305 2359 393 2419 Meno
402 2358 429 2438 7)
463 2367 493 2420 et
514 2361 714 2434 Euthydemus
723 2359 749 2437 ⁸)
777 2365 956 2434 proponunt,
993 2378 1062 2419 num
1090 2359 1161 2433 qaid
1186 2360 1302 2418 omnino

128 2459 238 2520 discere
265 2463 422 2535 possimus,
452 2480 529 2535 cum,
559 2463 627 2537 quid
655 2464 694 2521 sit
720 2463 798 2536 quod
825 2463 935 2523 discere
964 2462 1098 2534 velimus,
1127 2462 1303 2536 ignoremus,

130 2579 182 2622 nec
208 2568 317 2623 temere
345 2566 512 2638 suspiceris,
547 2582 613 2624 eum
641 2565 819 2626 Platonicam
840 2566 920 2624 illam
942 2564 977 2623 de
1003 2564 1204 2623 recordatione
1226 2563 1303 2622 vitae

128 2665 285 2737 superioris
309 2669 482 2726 sententiam
504 2663 706 2744 explosissc’).

198 2916 222 2985 1)
239 2912 256 2981 ἢ
273 2915 354 2984 ejecit
371 2916 494 2971 Cobetus.

195 3001 222 3070 2)
239 3000 278 3056 Cf.
296 3001 374 3071 Frey.
393 3001 500 3069 Quaest.
519 3002 624 3071 Protag.
643 3019 670 3071 p.
690 3005 749 3056 133.

196 3088 222 3155 3)
242 3085 280 3141 Cf.
298 3086 395 3141 Zeller.
413 3087 482 3142 Hist.
500 3086 568 3158 phil.
588 3086 634 3140 (ir.
651 3086 686 3157 ΙΙ,
706 3090 747 3156 77,
767 3091 789 3140 l.

196 3171 439 3242 Qpfflstm

196 3257 222 3325 5)
240 3257 360 3326 Metaph.
378 3263 410 3312 H
424 3261 448 3328 3,
468 3259 564 3311 1043b.
582 3287 616 3296 -
634 3257 668 3312 ci.
687 3274 713 3326 p.
733 3259 774 3325 37,
793 3259 817 3310 3.

196 3343 222 3411 6)
240 3342 340 3398 Critoni
357 3343 554 3398 tribuebantur:
587 3345 651 3414 περὶ
672 3345 721 3396 τοῦ
743 3345 851 3412 γνῶναι
874 3337 892 3406 ἢ
918 3359 946 3394 π.
974 3343 1020 3407 τῆς
1041 3336 1206 3412 ἐπιστήμηςρ
1229 3343 1256 3392 τί
1270 3336 1301 3393 τὸ

129 3427 299 3482 ἐπίστασθαι
324 3429 605 3498 (Diog.L.11‚121);
633 3428 734 3482 Simoni
757 3429 821 3497 περὶ
843 3422 994 3497 ἐπιστήμης
1016 3425 1151 3494 (11‚122t;
1175 3424 1301 3479 Simmiae

129 3516 260 3586 περὶτοῦ
277 3514 382 3572 εἰδέναι
399 3514 442 3584 (11,
461 3514 528 3582 124).

198 3599 369 3669 Rpfflfl

196 3686 223 3754 8)
240 3703 266 3754 p.
285 3688 336 3740 276
353 3686 385 3740 D.
404 3702 443 3754 sq.

197 3772 223 3840 9)
242 3771 341 3825 Critoni
358 3770 560 3826 adscribebatur
576 3769 697 3839 dialogus
714 3771 779 3841 περὶ
795 3770 845 3822 τοῦ
861 3771 967 3839 μαθεῖν
985 3765 1027 3832 (l).
1046 3765 1077 3820 L.
1095 3765 1130 3834 11,
1150 3766 1216 3832 121).

587 4043 840 4054 ..-.———-—-
