2866 4996
676 278 829 373 A

165 465 250 526 Plato
272 468 301 525 in
323 465 476 526 Phaedone
487 464 512 541 ¹)
534 466 649 539 egregie
671 473 772 526 contra
794 467 985 525 voluntariam
1007 472 1129 525 mortem
1150 467 1346 528 disserentem

164 569 278 646 facit2).

252 672 306 729 llis
327 671 452 745 peractis
474 669 510 729 de
537 676 697 743 tempomm
719 669 836 743 ordine,
866 672 915 744 qui
944 672 974 729 in
996 672 1057 730 rita
1078 671 1262 730 Antisthenis
1285 678 1345 731 sta·

166 773 291 834 tuendus
327 791 390 833 esse
426 773 557 845 videtur,
601 775 762 834 accuratius
799 775 868 832 mihi
901 774 1104 847 exponendum
1137 780 1191 832 est.
1251 776 1345 848 Quam

168 879 373 950 quaestionem,
397 894 459 935 curu
483 877 518 935 de
534 879 667 937 omnibus
688 877 750 937 iere
768 878 865 948 rebus,
888 893 1010 949 quarum
1031 881 1145 950 tempus
1166 878 1346 938 constituere

167 981 250 1051 velis,
279 985 358 1039 certa
387 985 517 1038 veterum
543 982 717 1054 scriptorum
744 981 910 1040 testimonia
938 980 1048 1052 desint,
1075 978 1153 1037 baud
1179 978 1265 1038 facile
1293 979 1346 1039 ab·

166 1084 270 1141 solvas.
323 1083 425 1155 Itaque
452 1081 483 1140 id
511 1082 595 1141 nohis
623 1082 766 1156 agendum
793 1089 852 1154 est,
880 1088 913 1141 ut
934 1081 1079 1155 probabili
1100 1082 1214 1141 ratium
1237 1098 1274 1141 ex
1298 1083 1344 1154 iis,

170 1200 243 1257 quae
266 1183 302 1242 de
324 1184 497 1243 Antisthene
518 1186 673 1244 memoriae
695 1185 811 1258 prodita
831 1191 913 1256 sunt,
941 1185 1023 1257 quasi
1045 1185 1184 1243 terminos
1205 1183 1347 1257 quosdam

168 1302 270 1345 eruere
292 1285 474 1358 studeamus
498 1286 602 1359 quibus
624 1288 713 1346 vitem
735 1289 797 1360 ejus
819 1286 1095 1346 circumscribamus.

253 1388 313 1446 Iam
335 1405 423 1460 supra
445 1391 664 1449 cornmemoravi
691 1389 894 1448 Antisthenem
922 1389 1033 1462 proeho
1060 1386 1227 1448 interfuisse
1250 1389 1346 1448 Tana·

147 1492 278 1577 ›grensi‚
312 1490 390 1563 quod
417 1491 584 1565 Thucydide
611 1490 764 1568 auctore⁸)
792 1492 894 1552 incidit
921 1493 951 1550 in
979 1497 1118 1550 aestatem
1141 1491 1209 1550 suni
1231 1493 1294 1549 426
1318 1506 1345 1549 a.

168 1593 235 1652 Chr.
252 1611 280 1650 u.
297 1593 353 1668 (Ol.
370 1595 420 1666 88,
438 1594 480 1669 3).
523 1594 595 1653 Cum
616 1610 686 1652 uero
708 1594 905 1654 adolescentes
926 1592 1120 1652 Athenienses
1141 1609 1217 1652 anno
1240 1592 1347 1652 aetatis

170 1694 400 1755 duodevicesimo
422 1697 553 1755 militiam
569 1702 762 1769 capesserent,
784 1713 901 1756 necesse
924 1703 968 1755 est
989 1712 1097 1754 anuum
1117 1695 1244 1754 natalem
1259 1694 1346 1753 Anti-

171 1797 282 1856 sthenis
313 1814 372 1856 nou
408 1805 474 1870 post
507 1799 551 1858 01.
586 1800 642 1870 84,
669 1803 681 1856 1
714 1798 802 1874 (444)
831 1797 1001 1857 referamus.
1059 1797 1182 1857 Accedit
1214 1797 1348 1870 Dionysii

168 1899 381 1959 Halicarnassei
403 1898 535 1977 locus),
570 1901 620 1960 ubi
653 1900 689 1958 de
720 1918 826 1974 genere
849 1901 962 1961 dicendi
993 1901 1169 1974 Thucydidis
1199 1898 1345 1971 loquitur:

169 2005 270 2060 πολλῶν
290 2005 433 2077 γενομένων
451 1999 580 2081 Ἀθήνῃσι
606 1999 674 2059 κατὰ
702 1999 748 2060 τὸν
770 2000 1020 2075 Interamnatis
1041 2002 1157 2077 πόλεμον
1181 1999 1300 2080 ῥητόρων
1320 2023 1347 2058 τε

169 2107 213 2162 καὶ
239 2105 396 2179 φιλοσόφων
421 2103 504 2172 οὐδεὶς
540 2104 626 2165 αὑτῶν
652 2109 775 2182 κέχρηται
803 2105 884 2185 ταύτῃ
916 2111 947 2184 τῇ
977 2107 1115 2183 διαλέκτῳ,
1144 2101 1208 2163 οὔθ’
1235 2104 1262 2163 οἱ
1287 2107 1347 2181 περὶ

166 2207 315 2279 Ἀνδοκίδην
341 2210 386 2266 καὶ
404 2204 562 2282 Ἀντιφῶντα
589 2209 634 2266 καλ
661 2213 766 2266 Arrius
791 2208 911 2288 ῥήτορες,
942 2205 1006 2267 οὔθ’
1034 2209 1060 2267 οἱ
1084 2208 1144 2284 περὶ
1166 2212 1280 2284 Kprrluv
1302 2209 1346 2265 καὶ

167 2309 320 2383 Ἀντισθένη
342 2311 387 2369 aa)
408 2318 561 2385 Ξενοφῶντα
584 2316 756 2389 Σωκρατικοί.
777 2347 819 2356 -
840 2313 1029 2374 Manifestum
1051 2320 1096 2372 est
1121 2311 1292 2385 Dionysium
1316 2313 1347 2371 h.

167 2413 187 2475 1.
209 2417 407 2476 tantummodo
436 2418 572 2490 aequales
602 2435 666 2477 eum
693 2417 861 2490 Thucydide
889 2433 1071 2491 comparare,
1114 2432 1177 2475 cum
1204 2415 1347 2488 posterio-

170 2535 234 2578 rum
261 2520 447 2594 soriptorum,
476 2521 555 2580 velut
581 2522 717 2580 Isocratis
739 2527 769 2580 et
790 2521 929 2593 Platonis,
959 2520 1134 2578 mentionem
1162 2534 1221 2577 non
1249 2516 1347 2576 iaciat.

170 2624 271 2696 ltaque
299 2639 316 2680 a
344 2639 413 2682 vero
441 2641 499 2682 non
526 2623 665 2683 aberrare
692 2624 775 2682 nobis
804 2624 936 2683 videmur
963 2640 1027 2682 cum
1054 2617 1265 2697 Chappuisio⁵)
1289 2626 1347 2680 sta·

169 2730 298 2797 tuentes,
328 2725 530 2785 Antisthenem
558 2725 659 2785 eodem
688 2725 748 2785 fere
776 2731 906 2799 tempore
929 2742 993 2784 cum
1013 2724 1222 2797 Xenophonte,
1251 2723 1348 2782 idest

170 2845 193 2886 c.
217 2827 260 2886 01.
285 2828 334 2899 84,
362 2832 375 2884 1
400 2826 497 2904 (444),
521 2832 620 2886 natum
642 2845 714 2887 esse.

256 2929 368 2988 Deinde
397 2931 564 3001 quaeritur,
594 2929 783 2988 Antisthenes
817 2937 847 2990 et
880 2946 936 3004 quo
964 2934 1094 3003 tempore
1128 2926 1221 2987 factus
1252 2928 1291 2986 sit
1319 2933 1350 2987 et

170 3047 255 3104 quam
278 3030 327 3089 diu
350 3030 438 3089 fuerit
459 3031 617 3105 discipulus
639 3031 764 3105 Gorgiae
787 3032 942 3106 sophistae.
987 3032 1077 3104 Quem
1099 3029 1229 3103 quidem,
1252 3030 1348 3089 Leon·

168 3134 294 3191 tinorum
316 3133 456 3205 legatum,
486 3133 530 3191 01.
554 3134 603 3205 88,
627 3137 645 3191 2
669 3133 756 3210 (427)
785 3133 914 3192 Athenas
935 3134 1048 3192 venisse
1078 3139 1193 3191 etcum
1214 3133 1348 3191 nuntium

167 3235 198 3292 in
231 3235 354 3308 patriam
388 3234 550 3308 retuhssct,
595 3251 630 3294 eo
665 3235 775 3295 redisse
817 3237 887 3295 satis
917 3241 1030 3295 constat
1051 3235 1074 3311 ).
1145 3234 1348 3294 Antisthenem

238 3418 419 3487 nfflssm

241 3520 267 3588 2)
284 3520 417 3589 Imagines
434 3521 603 3576 Antisthenis
626 3536 788 3575 marmoreae
813 3520 965 3589 complures
987 3520 1075 3574 adhuc
1092 3524 1191 3575 extant.
1228 3518 1268 3573 Cf.
1288 3518 1349 3574 Vis·

163 3607 244 3660 conti
261 3607 333 3661 Mus.
351 3607 549 3662 Pio-Clement.
567 3614 629 3661 tom.
648 3607 693 3661 VI.
712 3606 758 3661 fol.
776 3607 886 3675 XXXV,
904 3607 1024 3674 Iconogr.
1040 3605 1135 3660 Graec.
1153 3604 1199 3661 lul.
1210 3604 1302 3675 xxn,
1321 3612 1350 3661 et

171 3710 250 3760 quem
268 3693 508 3748 Winokelmannus
527 3693 618 3747 laudat
637 3693 744 3747 Gnrlitt.
762 3692 854 3760 script.
874 3693 1006 3746 arehaeol.
1025 3709 1052 3760 p.
1070 3694 1120 3745 251
1139 3707 1179 3759 sq.

238 3797 263 3865 3)
281 3796 328 3865 ΙΙΙ,
346 3799 388 3850 91.
408 3830 440 3842 -
458 3795 527 3849 Nam
545 3795 576 3849 de
594 3812 626 3850 eo
643 3795 745 3864 proelio
764 3796 820 3864 agi,
839 3811 892 3849 nou
909 3795 942 3849 de
960 3795 1049 3863 priore
1067 3793 1113 3847 illo
1132 3792 1172 3848 01.
1191 3795 1233 3862 80,
1248 3792 1348 3862 41457)

170 3880 203 3934 ad
222 3881 372 3951 Tanagram
389 3883 541 3950 commisso,
566 3882 645 3936 facile
662 3881 777 3950 patebit,
803 3897 864 3936 cum
882 3880 999 3950 reliqua,
1026 3895 1096 3948 quae
1114 3878 1148 3934 ad
1163 3879 1349 3948 quaestionem

170 3975 288 4022 nostram
306 3969 456 4039 pertinent,
474 3970 502 4022 iu
519 3967 635 4022 medium
652 3966 850 4035 protulerimus.

237 4073 265 4139 4)
281 4071 338 4125 Iud.
358 4071 390 4125 de
408 4072 493 4126 Thuc.
512 4087 535 4124 e.
555 4074 596 4125 31.
614 4088 641 4139 p.
660 4072 719 4123 941.

241 4175 266 4241 5)
285 4175 302 4228 l.
322 4175 338 4229 l.
357 4192 382 4243 p.
403 4179 460 4229 172.

239 4278 265 4343 c)
284 4276 322 4330 cf.
342 4277 418 4330 Foss.
438 4277 478 4330 Dc
496 4276 595 4344 Gorgia
612 4274 705 4329 Leont.
725 4292 750 4344 p.
770 4278 811 4328 23.
