2866 4996
642 280 793 370 ..4.²...

132 464 223 537 enim,
256 465 320 523 illas
348 464 421 524 duaa
452 464 655 538 inscriptiones
683 466 721 525 ad
752 484 841 525 unum
874 465 1055 539 eundemque
1084 467 1192 526 librum
1219 468 1309 541 perti-

131 567 241 639 nuisse,
280 568 330 640 qui
364 568 457 641 primo
490 568 704 629 inscribebatur
737 563 1071 643 1111111111Ἡρακλῆς.
1129 570 1184 628 Π11
1211 576 1310 629 antem

131 669 329 729 additamenta
351 666 383 744 (ὃ
405 672 505 747 μείζων,
528 660 546 740 ῆ
566 670 625 745 περὶ
646 667 751 747 ἰσχύος,
773 660 791 739 ῆ
811 671 870 744 περὶ
891 668 1056 748 φρονήσεως)
1078 678 1180 745 postea
1195 674 1310 732 demum

132 778 197 831 orta
218 778 294 845 sunt,
318 790 392 847 quae
415 791 479 833 cum
501 774 532 831 in
554 774 618 832 aliis
641 775 854 848 exemplaribus
876 775 961 833 aliter
983 780 1140 847 exstarent,
1163 775 1309 848 Diogenes

131 875 176 933 vel
204 875 244 947 is,
274 876 324 948 qui
358 876 466 949 scripta
492 875 674 935 Antisthenis
699 878 730 934 11
759 876 857 935 decem
884 882 977 936 tomos
1006 876 1141 951 digessit,
1174 877 1309 936 inductus

131 982 184 1054 est,
206 983 239 1035 ut
261 979 310 1050 qui
331 995 405 1036 1111
427 984 491 1036 erat
511 978 586 1037 liber
608 979 729 1038 haberet
750 995 804 1052 pro
827 978 948 1038 duobus.
981 980 1083 1053 Itaque
1105 980 1198 1039 nitere
1220 981 1306 1038 titulo

131 1079 244 1139 sublato
267 1080 451 1140 scribendum
472 1097 535 1140 esse
563 1081 753 1140 arbitramur:
785 1074 913 1155 Ἡρακλῆς
935 1075 950 1137 d
971 1084 1062 1156 μείζων
1087 1077 1102 1151 ii
1123 1064 1189 1158 ααρ1
1203 1079 1306 1157 φρονῆ-

130 1203 193 1246 αιας
214 1177 234 1250 ἢ
254 1178 353 1250 ἰσχύος.
417 1182 562 1241 Minorem
588 1189 685 1242 autem
711 1184 867 1242 Herculem
900 1185 1077 1258 appellatum
1112 1201 1174 1244 esse
1204 1185 1307 1258 opinor

129 1285 211 1343 illum
238 1284 359 1357 librum,
397 1285 447 1357 qui
474 1285 687 1345 inscribebatur
712 1280 844 1359 Ἡρακλῆς
871 1286 916 1342 καὶ
943 1287 1049 1363 Μίδας,
1086 1289 1135 1361 qui
1163 1305 1228 1347 cum
1256 1287 1308 1345 ad·

129 1387 260 1460 junctum
287 1386 395 1446 haheat
421 1387 522 1446 Midae
550 1404 670 1460 nomen,
697 1389 755 1446 illis
776 1389 861 1462 locis,
890 1389 940 1449 uhi
969 1390 1137 1463 simpliciter
1165 1389 1307 1448 Hercules

132 1487 316 1548 Antisthenis
343 1488 495 1562 laudatur,
523 1490 660 1562 majorem
688 1472 907 1564 intelligendum
930 1509 992 1551 esse
1018 1497 1108 1565 patet.
1157 1489 1205 1550 Ad
1232 1491 1310 1549 hunc

129 1590 218 1664 igitur
239 1591 397 1664 reliquiae,
420 1607 492 1664 quas
513 1591 770 1650 Winchelmannus
792 1611 821 1666 p.
847 1594 895 1652 15.
921 1596 959 1653 16
982 1593 1113 1667 collegit,
1136 1591 1306 1653 referendae

129 1709 191 1752 esse
213 1693 357 1752 videntur.
394 1692 439 1752 Ac
459 1693 598 1752 minorem
620 1694 651 1751 in
673 1694 758 1752 simili
781 1701 950 1769 argumento
971 1700 1117 1756 versatum
1132 1712 1194 1755 1111
1217 1699 1305 1768 atque

128 1795 245 1854 Prodici
266 1796 444 1854 notissimam
465 1794 606 1868 fabulam,
636 1796 678 1854 ita
705 1802 739 1855 nt
764 1798 795 1855 11
817 1798 943 1857 Hercule
965 1799 1096 1871 virtutis,
1125 1796 1254 1856 lihidinis
1275 1798 1307 1854 in

128 1896 211 1956 Mida
220 1895 246 1973 ¹)
275 1904 443 1956 cerneretur
465 1898 641 1970 exemplum,
669 1904 752 1957 acute
780 1904 814 1957 ut
840 1900 915 1959 solet
941 1901 1066 1974 conjecit
1086 1896 1305 1975 Welclrerus²).

128 1999 213 2058 Illum
234 1981 344 2072 autem,
376 2000 426 2072 qni
453 2000 654 2075 appellabatur
675 2002 781 2073 major,
811 2001 956 2074 dialogum
977 2001 1066 2061 fuisse
1088 2006 1217 2074 constat,
1246 2015 1303 2073 quo

129 2103 270 2162 Hercules
291 2102 353 2175 ipse
376 2103 484 2176 primas
507 2108 605 2176 partes
627 2104 687 2176 egit
695 2101 731 2178 ³).
782 2104 972 2163 Antisthenes
995 2105 1071 2163 enim
1093 2120 1156 2162 eam
1177 2101 1305 2162 fabulam

129 2210 257 2277 secutus,
281 2221 354 2278 quae
376 2206 531 2265 Herculem
553 2204 760 2265 consuetudine
782 2223 816 2265 ac
837 2206 990 2280 disciplina
1011 2206 1145 2266 Chironis
1167 2205 1306 2278 sapientis

128 2312 258 2366 utentem
278 2306 393 2384 iacit⁴),
416 2308 511 2382 quoad
533 2309 595 2381 ipse
618 2307 723 2380 sagitta
744 2306 864 2367 fortuito
886 2310 968 2382 lapsa
989 2312 1112 2367 mortem
1132 2308 1160 2366 ei
1181 2304 1305 2383 ailert⁵),

129 2410 248 2469 Herculi
280 2410 418 2483 sapientis
451 2427 605 2484 personam
638 2409 776 2483 imposuit
803 2427 926 2484 eumque
960 2416 994 2469 ut
1025 2409 1185 2484 principem
1217 2413 1305 2482 atque

131 2517 278 2572 auctorem
300 2512 500 2586 philosophiae
516 2513 639 2587 Cynicae
662 2512 785 2571 induxit.
822 2514 890 2586 Ipsa
911 2512 1061 2586 inscriptio
1078 2511 1135 2586 περὶ
1156 2508 1305 2586 φρονήσεως

128 2609 258 2683 ῆίαχῦας
279 2614 401 2687 indicat,
433 2632 499 2674 enm
526 2615 581 2674 hoo
608 2615 684 2674 libro
713 2616 805 2688 egisse
835 2614 870 2674 de
898 2615 1054 2688 prudentia
1076 2620 1106 2674 et
1131 2613 1304 2674 fortitudine

128 2717 230 2789 animi,
266 2715 370 2789 quihus
399 2716 471 2774 nihil
502 2717 534 2774 in
567 2717 627 2775 vita
654 2719 745 2791 magis
774 2716 968 2791 expetendum
996 2733 1059 2776 1111
1093 2716 1302 2776 arbitrabatur.

128 2818 274 2878 Summum
296 2818 372 2909 enim
394 2818 501 2876 bonum
522 2819 615 2877 virtus
637 2817 731 2896 est⁶),
760 2836 835 2892 qnae
857 2836 922 2878 cnm
948 2819 979 2877 in
1001 2819 1081 2879 nulla
1103 2819 1213 2878 aliare
1236 2835 1305 2877 oon·

197 3068 222 3137 1)
241 3067 279 3122 ef.
297 3066 406 3121 Prellcr.
424 3067 538 3137 Mythol.
557 3068 601 3123 Gr.
619 3069 640 3136 1,
658 3071 718 3123 405.

129 3213 131 3220 ,
197 3153 223 3222 2)
241 3152 311 3207 Mus.
330 3152 423 3221 philol.
442 3152 563 3208 Rhenan.
583 3155 780 3222 mesphaa.

196 3239 222 3308 3)
239 3238 310 3293 Plut.
333 3238 374 3292 De
397 3239 483 3293 vities.
507 3239 570 3307 pud.
593 3255 615 3293 c.
640 3241 680 3294 18.
704 3256 730 3308 p.
756 3240 807 3292 536
824 3237 855 3291 Β.
880 3268 915 3276 -
941 3233 1154 3298 ὁἈντιοθένιος
1168 3234 1306 3310 Ἡρακλῆς

128 3319 246 3398 παρῄνει
262 3329 318 3383 τοῖς
335 3326 416 3377 παισὶ
435 3322 662 3398 διακελευόμενος
678 3325 778 3398 μηδενὶ
790 3319 877 3394 χάριν
893 3324 967 3393 ἔχειν
978 3324 1141 3379 ἐπαινοῦντι
1154 3318 1260 3382 αὐτούς.
1270 3353 1305 3362 -

128 3410 214 3464 Prool.
237 3410 266 3464 in
287 3409 356 3463 Plat.
378 3409 465 3463 Aloib.
488 3410 509 3464 1.
532 3427 558 3479 p.
577 3412 618 3465 98.
637 3413 678 3467 99.
703 3410 825 3464 Greuzer.
853 3413 928 3479 λέγει
946 3402 996 3464 οὖν
1020 3411 1067 3460 καὶ
1085 3405 1100 3460 ὃ
1116 3407 1305 3468 Ἀντισθένους

124 3493 262 3568 Ἡρακλῆς
284 3500 350 3568 περί
372 3513 444 3555 τινος
466 3501 614 3568 νεανίσκου
638 3495 714 3570 παρὰ
737 3499 774 3565 τῷ
792 3499 913 3568 Χείρωνι
935 3496 1122 3566 τρεφομένου·
1144 3497 1233 3566 μένας
1249 3490 1304 3567 γάρ

128 3594 198 3652 φησι
216 3583 263 3634 καὶ
281 3579 364 3641 καλὸς
381 3584 429 3634 καὶ
448 3578 562 3651 ὡραῖος,
582 3580 633 3634 οὐκ
651 3577 686 3637 άν
704 3581 791 3636 αὐτοῦ
808 3577 918 3655 ἠράσθη
936 3577 1028 3639 δειλὸς
1045 3575 1166 3649 ἐραστής.

195 3668 222 3736 4)
240 3665 376 3721 Eratosth.
393 3666 411 3721 1.
429 3667 447 3721 1.
465 3667 510 3737 ἐφ’
529 3663 562 3723 ὃν
579 3666 739 3737 (Chironem)
759 3663 896 3735 Ἡρακλῆς
916 3666 995 3720 δοκεῖ
1011 3666 1103 3722 ἐλθεῖν
1121 3664 1157 3718 δι’
1164 3665 1252 3736 ἔρωτα
1270 3693 1305 3705 -

128 3747 258 3825 καθάπερ
273 3751 443 3820 Ἀντισθένης
460 3754 547 3823 φησὶν
565 3750 579 3805 ὀ
598 3750 775 3825 Σωκρατικὸς
792 3752 823 3809 ἓν
841 3755 878 3820 τῷ
892 3749 1030 3824 Ἡρακλεῖ.

196 3841 222 3908 5)
241 3837 330 3893 Schol.
349 3839 383 3893 ad
402 3837 552 3892 Germanici
569 3839 670 3892 Aratea
687 3838 725 3906 (in
742 3837 804 3891 edit.
821 3837 900 3891 Arati
916 3837 1049 3891 Bnhliana
1066 3836 1101 3906 H,
1119 3836 1170 3905 87).
1201 3836 1302 3906 „Onjus

127 3923 268 3993 (Chironis)
286 3924 403 3992 hospitio
427 3939 487 3977 cum
504 3922 634 3977 Hercules
652 3928 785 3991 uteretur,
814 3923 884 3977 sicut
900 3922 1077 3977 Antisthenes
1104 3922 1181 3992 dicit,
1203 3938 1218 3977 e
1236 3923 1302 3992 pha·

126 4015 199 4063 retra
216 4009 314 4077 sagitta
331 4009 409 4077 lapsa
425 4008 523 4062 dicitur
540 4009 635 4077 pedem
653 4009 711 4078 ejus
728 4008 901 4063 1111111111ιι
919 4013 968 4062 111.

196 4093 507 4164 e)Diog.L.V1,104.
530 4093 641 4168 ἀρέσκει
664 4093 689 4147 δ’
696 4092 789 4154 αὐτοῖς
814 4097 861 4147 καὶ
883 4095 959 4152 τέλος
981 4093 1052 4150 εἶναι
1074 4090 1104 4146 τὸ
1129 4097 1185 4146 κατ’
1204 4089 1303 4166 ἀρετὴν

128 4180 177 4245 ζῆν
194 4175 230 4237 ὡς
249 4176 421 4247 Ἀντισθένης
439 4181 526 4249 φησὶν
543 4179 574 4236 ἐν
589 4183 627 4248 τῷ
641 4176 777 4252 Ἡρακλεῖ.
813 4178 848 4233 cf.
867 4182 908 4232 11.
928 4174 1049 4252 αὐτάρκη
1066 4174 1120 4250 γάρ
1138 4175 1187 4246 τῆν
1203 4175 1303 4251 ἀρετὴν

127 4261 198 4337 πρὸς
215 4261 414 4337 εὐδαιμονίαν,
431 4262 551 4337 μηδενὸς
568 4264 776 4337 προςδεομένην
794 4261 837 4318 ὅτι
852 4261 892 4336 μῆ
910 4266 1089 4337 Σωκρατικῆς
1106 4257 1208 4334 ἰσχάος.
