2866 4996
636 270 785 357 fflffl-

124 453 248 527 exempli
270 470 357 512 causa
377 460 494 528 practer
515 457 737 530 Xenophontem
758 462 788 516 ot
809 457 958 515 Platonem
979 457 1065 516 affert
1080 456 1302 517 Antisthenem:

124 551 172 620 „oi
185 551 238 627 μὴν
249 549 317 613 ἄλλα
328 554 373 611 καὶ
384 561 503 627 Ξενοφῶν
516 558 694 629 φαίνεταικαὶ
708 557 872 628 Ἀντισθένης
889 558 934 614 καὶ
946 557 1059 615 Πλάτων
1075 557 1304 634 πραςχρησιιὶμινσι

125 660 260 728 πολλαχοῦ
275 661 330 722 τοῖς
341 655 469 732 μύθων
483 693 521 703 -
538 660 718 735 Phrynichus
728 660 754 739 ¹)
776 668 872 722 autem
894 663 1097 735 grammaticus
1118 663 1148 720 in
1163 663 1304 736 exemplis

124 779 215 837 purae
245 761 419 836 Atticosque
451 763 591 822 orationis
627 771 742 838 praeter
774 764 939 836 Platonem,
976 764 1201 824 Demosthenem
1237 783 1303 824 cum

124 865 244 938 reliquis
272 881 374 924 novem
408 865 586 938 oratoribus,
620 867 832 941 Thucydidem,
860 867 1098 940 Xenophontem,
1126 866 1303 927 Aeschinem

125 967 316 1040 Someticum,
345 967 465 1027 Critiam
492 975 625 1029 numeret
655 971 742 1030 etiam
763 969 945 1029 Antisthenis
973 968 1030 1028 dno
1052 970 1143 1029 hhros
1166 967 1203 1030 de
1225 970 1302 1044 cyro

125 1075 155 1131 ei
183 1070 219 1128 de
241 1069 382 1143 Odyssea:
412 1068 579 1146 ,,ιῖλικρινοι”νς
606 1071 633 1128 ti
661 1072 705 1128 καὶ
732 1074 860 1147 καθαροῦ
886 1070 931 1127 καὶ
947 1066 1066 1129 Ἀττικοῦ
1086 1068 1169 1148 λόγον
1190 1062 1304 1137 κανόνας

124 1171 169 1228 καὶ
190 1166 318 1244 στάθμας
338 1171 383 1227 uni
404 1171 573 1247 παράδειγμά
599 1196 680 1246 φησιν
708 1169 816 1250 ἄριστον
843 1172 974 1232 Πλάτωνα
998 1196 1026 1231 τε
1055 1174 1100 1231 καὶ
1121 1177 1301 1248 Δημοσθένην

128 1307 165 1320 --
189 1275 233 1333 nui
251 1271 425 1343 ’Λντισθένην
445 1271 510 1348 μετὰ
533 1280 583 1334 τῶν
602 1280 718 1354 γνησίων
740 1272 823 1336 αὐτοῦ
851 1272 900 1334 tio
929 1276 1027 1355 λόγων,
1058 1282 1106 1336 τοῦ
1126 1277 1185 1350 περὶ
1207 1277 1303 1352 Κύρου

127 1377 241 1435 καὶτοῦ
263 1377 321 1454 περὶ
343 1378 565 1458 Ὀόι·σσειας“.’)
589 1413 629 1423 -
652 1382 749 1440 Etiam
772 1382 884 1455 singula
906 1382 1046 1441 vocabula
1067 1382 1104 1440 ab
1127 1380 1303 1442 Antisthene

125 1487 265 1555 usurpata
298 1483 477 1554 grammatici
508 1489 538 1542 et
570 1483 768 1557 lexicographi
804 1483 960 1557 diligenter
987 1482 1232 1559 observarunt;³)
1270 1485 1302 1543 id

126 1584 204 1658 quod
231 1583 339 1643 indicio
366 1590 423 1658 est,
455 1591 592 1660 quantam
622 1588 823 1647 auctoritatem
851 1593 964 1646 veteres
991 1585 1173 1646 Antisthenis
1203 1587 1304 1659 generi

126 1685 241 1746 dicendi
262 1687 428 1746 tribuerint.

211 1790 314 1863 Neque
343 1790 435 1849 solum
460 1795 581 1864 propter
607 1791 746 1851 orationis
775 1792 948 1865 elegantiam
976 1797 1086 1850 tantam
1113 1789 1302 1851 Antisthenes

125 1897 296 1952 consecutus
311 1898 356 1951 est
376 1892 499 1965 laudem,
523 1902 555 1952 nt
576 1894 606 1952 in
621 1895 745 1967 optimos
759 1893 936 1952 Graecorum
957 1895 1113 1966 scriptores
1134 1890 1304 1964 referretur,

126 1993 178 2054 sed
199 1994 290 2067 magis
312 1995 399 2054 etiam
426 2002 546 2070 propter
575 2014 686 2069 rerum,
716 2011 788 2069 quas
809 1996 891 2054 libris
914 1996 972 2055 suis
993 2000 1184 2067 tractaverat,
1207 1996 1304 2068 gravi·

125 2101 214 2156 tatem
241 2113 275 2155 ac
297 2097 475 2171 dignitatem.
520 2099 621 2171 ltaque
636 2099 713 2158 Zeno
736 2098 849 2157 Stoicus
871 2114 936 2156 eum
959 2103 1060 2156 contra
1077 2096 1304 2156 obtrectatorem

127 2197 257 2259 defendit
277 2215 370 2272 neque
386 2216 460 2272 quae
475 2201 569 2258 minus
591 2205 679 2272 recte,
702 2201 753 2259 sed
768 2217 842 2273 quae
860 2198 1058 2259 benedixerit
1079 2199 1184 2272 respici
1201 2199 1304 2278 vnlt⁴).

126 2301 330 2375 Theopompus
351 2306 447 2360 autem
469 2302 557 2362 Chius
583 2319 648 2361 eum
671 2302 763 2362 solum
785 2318 821 2361 ex
842 2302 974 2361 omnibus
996 2301 1149 2362 Socraticis
1169 2301 1306 2361 laudibus

125 2403 230 2463 extulit
251 2401 422 2476 praedicans
443 2405 505 2477 ejus
528 2404 673 2464 conditam
697 2406 839 2464 suavitate
861 2404 1042 2480 gravitatem,
1066 2419 1123 2477 qua
1145 2404 1306 2476 qnemhhet

124 2507 155 2564 in
176 2505 347 2565 sententiam
369 2522 450 2565 suam
472 2508 654 2580 perduceret,
677 2509 786 2581 hasque
808 2507 932 2567 virtutes
954 2507 1041 2566 etiam
1064 2521 1080 2565 e
1103 2505 1219 2579 scriptis
1241 2508 1305 2581 ejus

126 2608 240 2668 elucere
267 2608 310 2667 ait
337 2607 482 2682 Diogenes
512 2610 647 2669 Laertius
675 2609 740 2686 (Vl,
767 2609 832 2688 14);
884 2610 1006 2686 ,τοῦτον
1032 2599 1114 2681 μόνον
1143 2612 1170 2664 ἐκ
1199 2606 1306 2667 πάντων

126 2713 300 2785 Σωκρατικῶν
332 2705 490 2783 &sinopses
515 2715 615 2767 ἐπαινεῖ
641 2714 687 2767 uni
712 2734 777 2783 φησι
805 2708 888 2769 δεινόν
916 2735 943 2769 τε
969 2706 1035 2768 εἶναι
1061 2710 1107 2767 καὶ
1135 2710 1171 2767 δι’
1200 2707 1304 2786 ὁμιλίας

126 2815 249 2888 ἐμμελοῦς
271 2807 467 2886 ὑπαγαγέσθαι
489 2811 579 2870 πάνθ’
602 2808 733 2876 ὁντινοῦν.
762 2815 841 2885 δῆλον
862 2813 888 2871 d’
912 2821 939 2872 ἐν
962 2818 1013 2873 τῶν
1034 2809 1233 2890 σαννραμιῖτων
1253 2812 1305 2871 noir

126 2918 175 2974 wi
195 2911 359 2988 Ξενοφῶντος
380 2916 569 2989 Συμποσίου.“
614 2916 689 2990 Quid
712 2918 789 2991 qnod
811 2918 1013 2993 Theopompus
1035 2923 1145 2980 tantum
1167 2935 1303 2993 progres-

127 3037 175 3078 sus
197 3026 242 3079 est
263 3019 368 3092 studio,
391 3025 424 3078 ut
445 3019 596 3078 Platonem
618 3020 648 3077 in
670 3020 816 3078 nonnullis
847 3020 969 3094 dialogis
990 3020 1173 3080 Antisthenis
1195 3021 1304 3095 scripta

127 3122 295 3196 compilasse
313 3121 520 3182 contenderet?
531 3119 556 3198 ⁵)
591 3121 673 3194 Quod
694 3123 823 3194 quamvis
842 3123 963 3181 multum
977 3122 1054 3182 absit
1072 3128 1104 3182 ut
1117 3123 1303 3196 Theopompo

197 3323 221 3391 1)
239 3322 329 3378 Photii
346 3322 473 3377 Biblioth.
492 3322 532 3378 ed.
550 3321 663 3378 Becker.
681 3338 709 3392 p.
720 3324 767 3376 101
775 3322 801 3391 h,
820 3325 836 3376 4
855 3338 895 3392 sq.

196 3407 223 3475 2)
242 3408 315 3476 Quae
333 3409 414 3465 verba
432 3425 494 3464 cave
511 3409 549 3463 ita
566 3409 762 3478 interpreteris,
790 3414 820 3463 ut
836 3408 1017 3478 Phrynichum
1038 3406 1100 3461 illos
1123 3406 1304 3462 tantummodo

127 3497 179 3551 duo
197 3491 279 3550 libros
297 3511 450 3564 germanos,
469 3494 586 3563 reliquos
604 3509 696 3548 omnes
711 3494 744 3548 ah
762 3493 922 3548 Antisthene
940 3493 1042 3548 alienos
1057 3492 1194 3560 judicasse
1212 3491 1303 3546 existi-

127 3597 192 3637 mes.
235 3581 305 3635 Nam
322 3581 389 3634 nihil
414 3580 486 3636 alind
509 3596 542 3634 ex
559 3580 592 3634 iis
610 3580 786 3647 colligendum
810 3594 869 3634 esse
887 3579 1002 3647 videtur,
1027 3577 1078 3631 nisi
1102 3577 1304 3646 grammaticum

128 3669 193 3721 σθαι
211 3666 338 3735 quosdam
355 3666 482 3721 hahuisse
501 3665 629 3720 subditos.

196 3754 221 3823 3)
240 3754 271 3809 V.
298 3768 366 3821 quae
393 3751 554 3806 Winckelm.
583 3751 709 3821 (Antisth.
734 3750 828 3818 fragm.
856 3767 882 3819 p.
909 3753 951 3804 20.
978 3753 1022 3819 21)
1048 3748 1153 3804 laudet:
1182 3748 1302 3803 Pollucis

128 3839 221 3893 Onom.
236 3839 281 3908 VI,
301 3841 341 3907 16,
359 3841 406 3908 98;
424 3838 457 3908 X,
477 3840 517 3906 19,
536 3839 583 3906 683
607 3836 696 3890 Schol.
716 3835 749 3890 nd
766 3836 855 3905 Apoll.
874 3837 959 3891 Rhod.
977 3837 1003 3889 Il
1021 3853 1044 3890 v.
1054 3839 1118 3903 5713
1136 3833 1256 3889 Erotion.
1275 3851 1302 3902 p.
1403 3858 1410 3866 ·

128 3927 178 3979 104
196 3923 237 3978 ed.
253 3924 349 3978 Franz.
368 3924 401 3978 de
418 3939 481 3977 voce
498 3919 656 3994 βομβυλιός.
667 3953 700 3961 -
717 3921 815 3976 Athen.
827 3922 898 3990 XIV,
916 3939 943 3991 p.
958 3921 1045 3975 656F
1063 3919 1096 3974 de
1113 3935 1177 3975 voce
1196 3915 1303 3990 δελφά-

127 4028 196 4066 κιον.
216 4039 249 4050 -
266 4009 344 4064 Phot.
363 4009 432 4064 Bibl.
451 4026 476 4078 p.
496 4011 554 4076 361,
573 4010 604 4061 21
625 4007 658 4062 de
676 4023 739 4062 voce
759 4002 867 4080 οὔρειος
883 4012 968 4076 ῥίνας.

196 4094 504 4164 anmm

198 4177 339 4247 stechen.
365 4179 412 4247 XI,
430 4196 456 4248 p.
481 4181 532 4234 508
547 4179 573 4232 C.
596 4176 715 4250 καὶγὰρ
736 4173 904 4248 Θεόπομπος
932 4173 946 4230 ὁ
971 4181 1042 4235 Χῖος
1064 4176 1095 4232 tv
1117 4178 1154 4244 τῷ
1172 4171 1241 4227 κατὰ
1258 4175 1305 4240 τῆς

129 4259 276 4322 Πλάτωνος
301 4263 441 4337 διατριβῆς
463 4262 525 4324 τοὺς
551 4260 684 4331 πολλούς,
717 4266 801 4335 φησι,
825 4265 880 4317 τῶν
906 4258 1047 4332 διαλόγων
1070 4259 1156 4314 αὐτοῦ
1179 4258 1306 4329 ἀχρείους
